3688 6006
511 556 602 597 urana
622 555 875 609 nmouamanuu,
897 555 1076 599 ruarmo.
1438 556 1470 596 xr

123 769 157 818 a.
185 745 280 818 1536
309 744 491 818 lectiones
521 743 830 818 »Grammatices
855 746 1067 818 hebraeae«
1102 743 1293 818 interdum
1326 744 1468 819 inveni·

125 889 224 939 mus.
254 865 366 958 Quae
396 889 456 940 res
485 865 686 964 quomodo
715 865 966 964 explicanda?

228 1109 318 1183 Non
357 1109 483 1184 minus
522 1111 685 1184 obscura
725 1110 839 1184 etiam
880 1110 1030 1184 videtur
1068 1135 1151 1184 esse
1187 1109 1261 1184 alia
1301 1110 1396 1184 ratio
1434 1107 1470 1182 in

123 1229 244 1304 Libro
273 1230 567 1327 diligentiorum.
600 1233 637 1304 ln
670 1231 868 1330 permultis
898 1232 1147 1306 semestribus
1177 1230 1326 1306 lectioni
1358 1232 1470 1326 hujus

123 1351 272 1426 illiusve
307 1353 478 1448 magistri
514 1353 736 1448 adjunctum
771 1353 943 1428 invenies
982 1353 1290 1428 additamentum
1331 1352 1470 1427 »conti-

125 1472 295 1580 nuavit«,
324 1475 446 1572 quod,
478 1493 518 1550 ut
551 1475 659 1550 facile
693 1473 911 1570 investigari
951 1491 1091 1572 potest,
1117 1467 1321 1570 significat,
1349 1499 1469 1548 unum

123 1594 353 1693 scriptorem
393 1597 633 1696 eandemque
669 1596 870 1672 materiam
901 1597 1066 1671 eundem
1099 1599 1324 1694 magistrum
1356 1596 1471 1672 etiam

124 1716 368 1814 praecedenti
399 1719 575 1793 semestri
609 1718 753 1815 legisse.
788 1722 858 1812 At,
887 1719 917 1792 si
948 1719 1149 1793 recesseris
1178 1721 1227 1792 ab
1257 1718 1314 1792 his
1344 1741 1469 1792 exem·

124 1838 212 1936 plis,
252 1863 443 1938 quaenam
475 1841 571 1914 fides
600 1840 819 1914 adhibenda
858 1857 914 1914 est
953 1839 1001 1914 illi
1032 1840 1296 1915 additamento
1332 1840 1470 1914 iconti-

124 1960 297 2054 nuavit«,
326 1961 448 2059 quod,
477 1962 507 2036 si
538 1987 625 2036 cum
656 1962 789 2036 ceteris
819 1963 1119 2060 comparaveris,
1149 1985 1334 2060 persaepe
1356 1961 1470 2036 etiam

123 2097 240 2179 atque
270 2083 384 2158 etiam
416 2082 579 2158 occurrit
607 2088 709 2180 juxta
741 2083 923 2188 lectiones
952 2084 1245 2181 magistrorum,
1274 2082 1339 2182 qui
1368 2098 1471 2156 ante·

126 2204 276 2278 cedenti
306 2204 482 2279 semestri
511 2230 586 2281 non
617 2207 741 2280 solum
773 2207 820 2280 de
846 2208 916 2280 lrac
945 2231 984 2280 re
1006 2206 1375 2296 nondisseruerunr,
1405 2203 1472 2278 sed

126 2326 251 2399 nullas
275 2326 435 2400 omnino
461 2326 643 2401 lectiones
668 2327 879 2419 habebant,
909 2352 998 2402 nam
1029 2343 1065 2402 et
1095 2326 1130 2401 id
1156 2351 1275 2425 genus
1296 2328 1472 2423 exempla

125 2447 163 2521 in
185 2447 328 2522 Codice
357 2447 623 2523 non‘desunt?
652 2450 792 2524 Nostra
816 2449 972 2548 quidem
994 2449 1186 2548 opinione,
1216 2449 1383 2546 exceptis
1407 2449 1470 2522 ali·

124 2570 402 2676 quotufortasse
423 2572 535 2664 locis,
565 2573 704 2669 quibus
733 2597 802 2668 per
826 2571 1016 2646 decanum
1042 2571 1168 2646 minus
1193 2587 1371 2645 accurate
1392 2593 1471 2645 rem

124 2707 355 2766 tractantem
385 2709 451 2768 aut
479 2717 546 2791 per
576 2695 656 2790 ejus
685 2693 930 2786 servitorem,
960 2694 1023 2792 qui
1054 2695 1139 2767 loco
1161 2693 1258 2766 illius
1278 2693 1471 2767 Tabulam

125 2817 358 2890 lecturarum
386 2833 422 2890 et
447 2817 714 2890 exercitiorum
742 2833 778 2890 et
799 2816 987 2890 Ordinem
1012 2815 1283 2911 magistrorum
1306 2813 1470 2886 conscri-

128 2937 244 3011 bebat
274 2961 342 3010 nec
372 2947 448 3011 non
483 2938 730 3034 negligentias
759 2954 795 3011 et
828 2937 1041 3034 diligentias
1070 2939 1247 3028 notabat,
1277 2961 1368 3010 casu
1399 2937 1472 3009 lor-

125 3057 223 3133 tuito
245 3059 362 3132 errari
389 3059 528 3157 potuit,
558 3059 606 3133 ita
637 3083 677 3132 se
704 3083 764 3132 res
790 3059 937 3150 habuit,
967 3077 1007 3134 ut
1028 3059 1200 3155 magistri
1220 3059 1257 3132 hi
1284 3075 1472 3140 auctores,

125 3179 268 3279 quibus
305 3180 479 3256 additum
519 3197 600 3262 erat
643 3181 937 3273 »continuavit«,
977 3207 1015 3255 re
1053 3205 1144 3254 vera
1184 3182 1351 3276 legerent
1386 3203 1471 3276 pro-

124 3301 241 3376 ximis
270 3303 541 3395 semestribus,
580 3327 656 3377 non
695 3319 825 3377 tamen
855 3303 890 3377 in
921 3303 1085 3377 lectoriis
1114 3301 1271 3396 Collegii
1306 3300 1473 3396 majoris,

125 3423 196 3499 sed
224 3423 300 3498 alio
328 3425 426 3499 loco.

232 3667 364 3760 Quam
390 3671 649 3761 coniecturam
676 3669 949 3744 dilucidissime
979 3671 1208 3768 comprobat
1236 3685 1411 3742 servatus
1437 3669 1474 3740 in

126 3789 233 3863 libris
268 3791 538 3889 manuscriptis
573 3791 826 3866 bibliothecae
856 3791 1111 3887 lagellonicae
1141 3768 1228 3882 lsub
1258 3815 1327 3862 nro
1364 3793 1473 3884 1170)

128 3911 244 3986 index
270 3911 500 4008 lectionum,
528 3913 669 4011 quibus
698 3914 832 3988 aderat
862 3913 1048 3986 Erasmus
1078 3913 1125 3985 de
1147 3911 1334 3985 Cracovia
1362 3912 1472 3983 lietb·

129 4057 311 4126 mannus,
341 4035 537 4110 confectus
557 4034 637 4108 sine
658 4035 777 4109 dubio
798 4035 1101 4108 commutatione
1122 4033 1292 4106 aestivali
1319 4057 1352 4105 a.
1380 4037 1473 4128 1527

127 4171 232 4248 turn,
277 4179 364 4230 cum
403 4181 566 4231 examen
607 4156 845 4232 baccalaurei
884 4158 1054 4230 facturus
1084 4170 1173 4229 erat.
1219 4156 1474 4228 Continentur

127 4291 259 4350 autem
291 4275 327 4350 in
357 4301 403 4353 eo
433 4279 544 4371 baec,
574 4280 622 4353 ad
657 4280 820 4352 verbum
851 4296 886 4352 et
915 4277 1080 4352 litteram
1111 4275 1322 4374 exscripta:
1428 4353 1431 4360 ,

239 4526 375 4596 »Anno
404 4521 561 4597 Domini
596 4523 691 4596 1518
721 4523 802 4618 luly
833 4523 879 4596 23
921 4545 1014 4616 mgr.
1046 4519 1260 4594 Stanislaus
1300 4521 1346 4594 de
1378 4521 1473 4592 Rze·

129 4641 272 4735 czicza,
314 4659 443 4718 custos
483 4643 829 4735 Scarbimiriensis,
872 4669 939 4741 per
978 4641 1227 4736 Magnificum
1261 4642 1472 4715 Dominum

130 4767 314 4840 loannem
338 4767 479 4858 Bonar,
501 4765 605 4862 regni
628 4765 786 4838 Polonie
816 4763 1041 4862 supparium
1063 4760 1289 4862 supremum
1311 4787 1356 4836 ac
1376 4762 1475 4836 arcis

129 4886 401 4962 Cracoviensis
440 4887 707 4984 burgrabium,
744 4902 912 4960 tutorem
941 4885 1155 4984 optimum,
1186 4885 1351 4958 Erasmo
1382 4883 1474 4958 mihi

128 5026 165 5083 et
195 5008 395 5102 Seuerino,
425 5009 575 5083 vterino
605 5033 705 5102 meo,
736 5008 1005 5102 bethmannis,
1034 5007 1069 5080 in
1093 5022 1356 5105 preceptorem
1381 5007 1471 5080 Cra-

126 5131 239 5204 couie
268 5131 425 5206 leliciter
453 5131 577 5205 datus.
608 5131 697 5224 Qua
727 5145 955 5228 tempestate
984 5127 1152 5203 studium
1176 5127 1380 5202 lectionum
1408 5152 1472 5201 an-
