3688 6006
486 435 576 476 mnan
596 435 851 494 palummum,
873 435 1053 478 mandato.
1388 434 1443 475 xm

201 625 312 718 Quae
342 626 517 724 quaestio
547 627 621 699 hoc
649 625 774 700 solum
807 624 925 700 modo
954 624 1050 698 solvi
1081 639 1217 721 potest.
1247 623 1362 698 Liber
1387 624 1441 697 di·

95 746 337 844 ligentiorum
378 747 468 822 nihil
504 747 607 822 aliud
647 747 833 841 continet,
873 747 943 822 nisi
982 748 1146 820 lecturas
1184 761 1219 820 et
1253 745 1441 837 exercitia,

94 894 115 942 a
149 870 340 966 magistris
371 870 499 944 habita
530 869 565 943 in
596 869 761 944 lectoriis
791 869 950 965 Collegii
990 867 1167 964 majoris,
1207 868 1302 940 haec
1341 867 1440 942 enim

94 991 369 1066 tantummodo
399 991 532 1066 decani
561 1017 607 1065 ex
635 992 765 1066 oflicio
786 997 972 1066 notabant
999 990 1338 1088 inspiciebantque,
1365 1014 1441 1064 nou

95 1112 339 1209 amplectitur
369 1131 496 1188 autem
529 1114 726 1204 lectiones,
765 1137 863 1212 quas
892 1111 1063 1208 magistri
1093 1127 1198 1185 extra
1228 1113 1441 1208 Collegium

97 1235 221 1330 majus
251 1235 460 1328 habebant,
490 1252 530 1308 ut
560 1233 595 1308 in
626 1235 786 1309 aedibus
807 1234 964 1332 Collegii
994 1232 1169 1322 minoris,
1199 1257 1266 1330 per
1295 1234 1443 1324 bursas,

95 1380 194 1452 quas
222 1357 402 1446 dicimus,
431 1357 467 1430 in
499 1355 798 1430 habitationibus
828 1356 906 1430 suis
934 1371 1000 1429 aut
1025 1356 1060 1428 in
1086 1354 1227 1429 scholis
1249 1352 1441 1429 Universi·

96 1479 163 1551 tati
188 1479 389 1572 subjectis:
420 1504 447 1550 s.
471 1485 623 1568 Annae,
654 1478 689 1551 in
716 1503 802 1552 arce
831 1475 1100 1567 Cracoviensi,
1127 1476 1312 1574 Corporis
1334 1476 1442 1551 Chri·

96 1600 164 1690 sti,
194 1625 223 1672 s.
255 1599 442 1692 Floriani,
479 1601 513 1672 b.
544 1599 707 1694 Virginis
737 1600 883 1690 Mariae
914 1599 949 1672 in
979 1598 1132 1690 circulo,
1163 1599 1351 1672 Omnium
1382 1625 1442 1694 ss,

97 1720 263 1819 Spiritus
301 1746 329 1794 s.
367 1721 549 1819 aliisque;
597 1723 766 1796 delectus
804 1746 896 1794 vero
936 1745 1196 1817 numerusque
1239 1737 1440 1796 auctorum

98 1843 240 1916 ibidem
271 1841 565 1940 explicatorum,
603 1861 642 1918 ut
671 1870 715 1917 ex
746 1846 934 1941 opusculo
968 1840 1258 1916 »Cracoviensis
1288 1845 1442 1917 scholae

96 1963 201 2061 apud
239 1989 268 2037 s.
304 1964 450 2038 Mariae
489 1967 676 2063 templum
716 1965 939 2054 institutio«,
978 1991 1011 2038 a.
1049 1967 1142 2060 1559
1181 1988 1202 2036 a
1234 1964 1442 2040 Benedicto

99 2086 292 2160 Herbesto
313 2086 427 2178 edito,
454 2088 595 2178 elucet,
626 2112 703 2161 non
729 2089 892 2160 multum
914 2088 1149 2160 abhorrebat
1174 2109 1196 2159 a
1218 2086 1443 2162 lectionibus

97 2207 132 2280 in
164 2207 244 2304 ipsa
277 2209 455 2282 facultate
485 2209 762 2306 philosophica.
795 2209 1078 2306 praescriptum
1110 2209 1375 2306 eranquidam
1406 2208 1441 2282 in

97 2328 259 2402 Statutis
288 2331 477 2404 facultatis
506 2329 709 2422 artisticae,
748 2355 864 2428 saepe
904 2329 1093 2427 repetitis:
1138 2332 1284 2403 »nullus
1324 2330 1441 2426 magi-

98 2467 267 2524 strorum
298 2468 404 2524 extra
426 2453 639 2548 Collegium
671 2455 794 2548 legere
824 2453 1002 2542 audeat«,
1032 2453 1098 2524 sed
1129 2451 1212 2524 illae
1244 2453 1347 2549 ipsae
1378 2450 1443 2524 ite·

98 2572 266 2646 rationes
302 2575 374 2646 hoc
409 2597 527 2647 unum
564 2577 745 2671 probant,
786 2599 865 2646 rem
902 2574 1010 2647 aliter
1043 2597 1082 2646 se
1122 2572 1312 2660 habuisse,
1351 2574 1442 2670 quin

97 2695 212 2768 etiam
245 2695 280 2768 in
311 2711 443 2769 nostro
473 2695 616 2769 Codice
645 2698 790 2794 aliquot
819 2697 932 2792 digna
963 2695 1151 2769 memoria
1178 2713 1328 2768 servata
1356 2711 1444 2768 sunt

97 2817 296 2915 exempla,
326 2818 390 2891 ubi
419 2819 523 2914 juxta
555 2820 826 2891 nonnullorum
859 2817 1130 2912 magistrorum
1168 2817 1347 2889 lectiones
1376 2817 1442 2889 ad-

98 2939 337 3012 notationem
368 2939 554 3013 invenies:
585 2965 667 3030 eos,
698 2965 784 3012 cum
815 2942 851 3012 in
878 2940 1072 3036 assignato
1099 2938 1257 3034 Collegii
1288 2938 1443 3032 majoris

98 3061 256 3134 lectorio
285 3079 463 3134 auctores
493 3062 617 3157 legere
648 3063 853 3153 deberent,
884 3061 984 3135 idem
1017 3085 1106 3158 »per
1128 3063 1284 3132 bursas«
1311 3057 1443 3133 lecisse

97 3199 164 3256 aut
192 3183 375 3257 lectiones
408 3183 466 3256 »in
497 3183 733 3258 habitatione
762 3179 854 3257 suat«
883 3183 1069 3256 finivisse.

203 3427 311 3502 Haec
340 3427 531 3502 sulliciant
566 3427 602 3502 in
633 3427 854 3502 universum
891 3427 937 3502 de
969 3426 1127 3520 ratione,
1166 3443 1321 3502 externa
1356 3450 1443 3525 pro-

97 3549 257 3645 prietate
288 3550 400 3646 hujus
430 3550 513 3624 libri
543 3550 792 3648 manuscripti
822 3549 955 3648 iisque,
984 3573 1084 3648 quae
1113 3574 1159 3622 eo
1189 3549 1444 3623 continentur.

203 3793 335 3892 ltaque
365 3818 524 3868 munere
553 3795 671 3870 functi
710 3793 867 3868 editoris
901 3794 1064 3868 intactae
1099 3793 1188 3867 lere·
1207 3793 1333 3867 adhuc
1364 3817 1442 3866 ma·

95 3915 221 4008 teriei,
251 3941 350 4014 quae
380 3941 468 3990 curn
499 3917 791 4015 compositione,
820 3935 901 3990 tum
934 3915 1147 3990 admodum
1180 3915 1335 3990 minutis
1356 3917 1443 3989 cha·

96 4040 326 4134 racteribus,
355 4039 420 4138 qui
450 4039 600 4134 singulo
628 4039 748 4112 ferme
779 4063 934 4138 quoque
964 4038 1137 4111 semestri
1169 4055 1378 4131 mutantur,
1408 4054 1444 4112 et

96 4179 139 4234 re
168 4185 258 4234 vera
288 4159 453 4236 horridis
482 4161 837 4236 abbreviationibus
868 4185 1185 4259 unumquemque
1214 4161 1444 4255 deterrebat,

96 4283 136 4357 in
164 4282 229 4378 iis,
257 4307 357 4382 quae
387 4287 572 4358 hactenus
600 4285 701 4358 dicta
730 4300 838 4377 sunt,
867 4283 1158 4382 acquiescimus.

203 4529 334 4624 Quam
365 4531 649 4608 praelationem
686 4529 945 4622 terminaturi,
982 4528 1138 4604 minime
1169 4551 1306 4628 negare
1336 4525 1443 4605 volu-

98 4677 206 4750 mnS,
235 4656 357 4732 immo
387 4657 457 4756 ipsi
487 4657 524 4731 id
553 4679 782 4756 persuasum
809 4657 997 4728 habemus
1023 4671 1058 4726 et
1086 4650 1246 4728 libenter
1265 4654 1444 4745 latemur,

97 4803 170 4856 nos
198 4780 235 4852 in
266 4779 325 4853 illa
356 4781 515 4854 materia
545 4779 710 4870 inuisos,
740 4802 839 4877 quae
869 4777 905 4850 in
936 4777 1053 4850 Libro
1079 4776 1363 4872 diligentiarum
1394 4773 1443 4850 ad

96 4929 132 4978 a.
167 4904 260 4978 1563
292 4903 508 4978 continetur
538 4929 661 5002 neque
692 4903 818 4976 adhuc
847 4917 927 4974 erat
957 4899 1145 4984 delibata,
1184 4899 1311 4974 varias
1347 4899 1442 4974 mul-

96 5041 233 5128 tasque
254 5026 547 5102 observationes
568 5027 693 5102 lacere
715 5043 750 5099 et
771 5025 933 5122 adjicere
956 5025 1137 5124 potuisse,
1153 5023 1294 5122 quibus
1314 5041 1443 5098 tamen
