3672 6008
389 430 449 492 358
851 449 1008 490 anonrvurr
1030 448 1268 490 marom-mrim.

387 637 522 717 legatus,
547 637 578 698 in
604 635 789 716 Collegium
814 636 917 698 maius
941 651 972 700 et
995 637 1164 700 lectorium
1190 637 1437 718 Theologorum
1462 637 1549 700 venit
1566 652 1598 700 et
1614 637 1743 700 ibidem

388 741 466 803 hora
503 763 538 826 17
570 761 699 822 mgrum
731 741 908 804 Martinum
938 741 1138 805 Pilznensem
1170 742 1189 816 ¹,
1221 756 1315 804 antea
1347 742 1504 805 Omnium
1537 757 1744 816 sanctorum,

388 860 464 908 tunc
495 846 625 926 ecclesie
656 845 846 907 cathedralis
881 844 1105 908 Cracouiensis
1129 847 1327 910 ordinarium
1360 848 1632 922 concionatorem,
1662 845 1745 926 Epi-

388 951 504 1012 stolam
536 949 625 1012 Pauli
658 949 697 1012 ad
733 949 889 1031 Ephesios
924 966 1139 1024 enarrantem,
1172 966 1203 1012 et
1235 951 1313 1012 hora
1350 953 1385 1013 18
1418 970 1547 1032 mgrum
1580 952 1745 1012 loannem

390 1054 589 1136 Leopolitam
617 1055 640 1133 ¹²,
675 1057 936 1116 concionatorem
973 1068 1009 1117 ut
1043 1076 1150 1136 supra,
1183 1055 1360 1137 Epistolam
1397 1055 1487 1118 Pauli
1519 1056 1558 1117 ad
1589 1055 1747 1118 Hebreos

388 1159 610 1241 explicantem,
636 1159 770 1249 audiuit.
796 1159 837 1220 Et
861 1160 1014 1240 postridie
1038 1161 1173 1242 prandio
1197 1174 1345 1242 exceptos
1371 1161 1508 1240 benigne
1541 1175 1572 1222 et
1603 1157 1746 1222 honori-

389 1263 446 1326 fice
470 1265 508 1325 de
533 1263 645 1346 studijs
670 1263 857 1343 theologicis
881 1265 1028 1342 contulit,
1053 1279 1084 1326 et
1108 1265 1146 1326 de
1170 1264 1358 1326 scholastica
1393 1263 1557 1344 theologia
1587 1264 1745 1326 disserta-

388 1368 509 1430 tionem
533 1369 608 1431 satis
633 1368 789 1450 prolixam
813 1368 962 1446 instituit,
987 1383 1018 1431 et
1042 1369 1141 1450 ipsius
1164 1369 1395 1432 resolutionem
1412 1388 1468 1450 per
1485 1366 1644 1450 praefatos
1661 1387 1746 1430 con·

388 1471 567 1534 cionatores
592 1471 707 1534 factam
733 1473 941 1554 approbando
967 1472 1067 1554 petiit,
1093 1493 1132 1535 ne
1156 1486 1370 1554 grauarentur
1401 1474 1441 1536 ad
1472 1495 1505 1535 se
1537 1473 1644 1535 venire
1670 1493 1746 1533 sae-

390 1577 471 1658 pius,
496 1575 621 1638 futuros
646 1577 706 1638 sibi
730 1577 886 1657 gratiores
910 1577 1036 1640 oblatos
1060 1597 1158 1658 quam
1183 1592 1323 1657 rogatos.

493 1789 612 1847 Anno
643 1785 713 1846 dni
749 1789 822 1870 ¹57¹
860 1785 909 1867 die
943 1807 1020 1848 uero
1055 1789 1091 1849 16
1124 1786 1197 1868 Maii
1224 1787 1358 1848 lacobus
1383 1785 1591 1862 Charuinius,
1617 1786 1744 1847 artium

391 1909 472 1970 mgr.
497 1904 527 1951 et
551 1890 773 1972 philosophiae
798 1891 845 1952 dr.
872 1891 1084 1972 promotionis
1109 1890 1322 1966 Coloniensis,
1347 1891 1511 1972 respondit
1545 1891 1576 1952 in
1602 1891 1744 1952 Vniuer-

390 1993 482 2056 sitate
507 1993 715 2056 Cracouiensi
739 2015 798 2076 pro
822 1996 894 2057 loco
926 2016 1021 2078 super
1053 1996 1112 2058 hac
1144 1995 1347 2076 quaestione:
1379 1996 1513 2058 »Vtrum
1545 1996 1745 2068 intellectus,

391 2097 422 2158 in
447 2119 512 2179 quo
536 2113 583 2160 est
606 2099 837 2181 principiorum
862 2100 1038 2179 congnitio,
1071 2119 1202 2162 omnem
1226 2100 1291 2162 vim
1315 2101 1441 2162 animae
1473 2101 1599 2182 corpori
1625 2120 1684 2180 per
1709 2119 1745 2160 se

391 2203 606 2283 coniungatur
630 2217 660 2266 et
684 2204 828 2266 vltimam
853 2226 944 2267 suam
978 2205 1160 2267 felicitatem
1185 2205 1216 2266 in
1241 2204 1490 2286 contemplando
1515 2205 1653 2286 positam
1686 2203 1745 2266 ha-

392 2310 497 2370 beat«.
531 2308 775 2391 Oppugnabant
806 2324 883 2372 tunc
914 2325 1018 2372 rector
1050 2310 1074 2387 ³,
1106 2309 1383 2372 vicecancellarius
1416 2309 1651 2384 Vniuersitatis‚
1690 2309 1746 2369 de-

391 2432 489 2476 canus
522 2413 641 2476 artium
665 2410 689 2492 Ι,
714 2435 787 2476 cum
814 2416 851 2476 23
878 2415 1038 2494 magistris
1062 2435 1099 2477 ex
1124 2414 1237 2478 maiori
1263 2428 1294 2475 et
1319 2413 1434 2476 minori
1467 2413 1615 2492 Collegio
1643 2428 1746 2494 atque

396 2517 564 2580 extraneis.
590 2518 711 2600 Incepit
734 2519 910 2602 disputatio
939 2521 1099 2582 matutino
1131 2534 1276 2602 tempore
1308 2521 1347 2580 ab
1372 2518 1451 2579 hora
1482 2539 1528 2595 ro,
1552 2518 1745 2580 continuata

392 2621 432 2683 ad
459 2623 571 2684 horam
609 2627 656 2701 15,
689 2623 910 2704 pomeridiano
943 2645 1018 2686 vero
1051 2640 1196 2706 tempore
1229 2627 1268 2686 ab
1300 2624 1379 2686 hora
1414 2645 1449 2708 ¹7
1480 2623 1520 2684 ad
1552 2622 1665 2684 horam
1704 2643 1744 2684 22

392 2727 578 2789 continuata
603 2741 634 2790 et
658 2726 745 2790 finita
772 2742 829 2802 est.

497 2937 648 2998 Frater
671 2937 893 3000 Dionisius
917 2938 1066 3001 Ouilla
1090 2939 1210 3000 ordinis
1234 2937 1369 3000 fratrum
1402 2935 1567 2998 Minorum
1600 2954 1747 2998 conuen-

365 3121 367 3127 Α
393 3039 540 3118 tualium,
564 3056 745 3103 conuentus
769 3064 794 3104 s.
820 3042 978 3104 Francisci
1004 3041 1228 3105 Cracouiensis
1250 3062 1374 3121 regens,
1392 3040 1644 3104 Vniuersitatem
1662 3038 1748 3100 Cra·

393 3144 578 3206 couiensem
596 3146 635 3207 ad
652 3146 881 3228 disputandum
899 3167 958 3228 pro
974 3147 1076 3227 gloria
1101 3147 1155 3208 tali
1180 3147 1347 3229 questione
1372 3144 1580 3228 prouocauit:
1602 3143 1745 3205 thrum

393 3267 475 3330 opus
492 3249 661 3312 creationis
678 3253 718 3312 ab
736 3265 867 3314 aeterno
883 3251 1093 3333 personaliter
1115 3251 1288 3329 initiatum,
1310 3271 1348 3312 ex
1371 3263 1516 3332 tempore
1538 3262 1646 3310 tamen
1671 3269 1748 3310 exe·

394 3353 515 3415 curioni
533 3355 721 3416 mandatum
739 3376 774 3418 ac
799 3356 830 3418 in
856 3370 918 3434 tres
942 3369 1049 3438 partes
1073 3355 1264 3439 principales
1288 3355 1454 3438 partitum,
1479 3353 1585 3416 insui
1610 3351 1748 3414 artificis

395 3459 530 3520 essentia
548 3459 723 3521 trinitatem
749 3461 943 3522 relationum
964 3461 1237 3543 hypostaticarum
1257 3480 1314 3540 sue
1331 3458 1533 3540 productioni
1560 3457 1747 3518 necessario

395 3562 636 3644 praequisiuitu.
664 3563 725 3626 Cui
748 3565 893 3628 adiunxit
917 3581 981 3627 tres
1005 3565 1226 3628 conclusiones
1250 3585 1287 3626 ex
1313 3564 1339 3626 ΙΙ
1365 3561 1642 3639 Sententiaruml,
1666 3581 1746 3623 cum

395 3666 569 3728 earundem
587 3667 720 3747 singulis
737 3669 934 3750 corrolarijs;
948 3669 1082 3731 subiecit
1098 3669 1243 3732 sedecem
1261 3667 1499 3748 impertinentia
1512 3685 1587 3728 cum
1603 3665 1748 3746 singulis

395 3770 575 3853 corrolarijs
599 3771 743 3854 ipsorum
767 3793 804 3835 ex
829 3773 852 3851 l,
878 3773 916 3852 ΙΙ,
942 3773 996 3852 ΙΙΙ,
1021 3773 1063 3835 IV
1088 3773 1328 3835 Sententiarum
1352 3771 1466 3849 elicita,
1499 3789 1638 3852 quorum
1671 3770 1747 3851 qui-

395 3876 468 3937 dem
492 3875 769 3958 impertinentium
793 3878 854 3940 alia
879 3892 970 3940 erant
994 3877 1223 3960 metaphysica,
1245 3878 1306 3939 alia
1328 3875 1566 3952 mathematica,
1584 3875 1645 3936 alia
1662 3874 1746 3956 phy-

395 3981 470 4058 sica,
495 3981 555 4044 alia
579 3982 776 4060 animastica‚
801 3981 862 4044 alia
886 3982 1030 4060 moralia,
1055 3981 1116 4044 alia
1140 3981 1253 4062 logica,
1279 3981 1401 4062 reliqua
1425 3979 1608 4062 sophistica.
1627 3978 1690 4040 Sed
1710 3979 1746 4039 in

396 4087 455 4148 ista
479 4101 653 4168 prouocata
678 4087 893 4169 disputatione
918 4086 1049 4150 confuse
1074 4087 1171 4162 stetit,
1196 4105 1298 4168 quum
1323 4085 1518 4148 clamoribus
1551 4104 1612 4146 non
1644 4083 1747 4144 ratio-

397 4191 491 4252 nibus
514 4192 717 4273 procedebat,
744 4205 775 4253 et
798 4193 837 4254 ad
866 4192 1029 4275 proposita
1061 4205 1251 4272 argumenta
1285 4211 1348 4254 non
1382 4190 1555 4266 dialectice,
1589 4189 1746 4264 breuiter,

397 4297 452 4358 sed
475 4297 624 4374 oratorie,
649 4297 753 4359 verbis
770 4297 899 4380 prolixis
917 4298 1131 4378 respondebat
1147 4309 1244 4377 atque
1261 4309 1392 4377 propter
1408 4295 1627 4376 impetuosam
1645 4293 1746 4355 actio-

397 4420 483 4479 nem,
507 4401 678 4482 irrequieta
702 4401 802 4484 ipsius
825 4402 949 4482 cucula,
973 4401 1101 4483 saepius
1125 4401 1229 4464 mouit
1254 4401 1364 4463 risum.

453 4662 603 4714 ¹Glicium.
712 4663 855 4714 ’ΝἱεὶυιηΙ
967 4661 1142 4713 'Stanislaus
1167 4661 1256 4712 Stalelr
1276 4661 1308 4711 de
1330 4661 1458 4711 l'inczdw.
1479 4659 1585 4710 Mettica
1610 4659 1746 4708 studioso·

484 4766 543 4800 rum
565 4751 640 4802 Univ.
660 4751 777 4810 Crncov„
797 4765 846 4803 ms.
866 4751 928 4802 bibl.
947 4751 1002 4816 lag.
1023 4748 1081 4814 260,
1101 4750 1135 4800 ΙΙΙ
1157 4748 1197 4800 53.
1289 4748 1298 4777 ⁶
1318 4749 1465 4798 Stanislaus
1487 4747 1627 4809 lacobejus
1640 4745 1673 4794 de
1689 4747 1746 4796 Ku-

486 4839 592 4888 rzeldsv.
612 4840 661 4888 Ms.
681 4838 745 4890 bibl.
763 4838 819 4903 lag.
839 4853 898 4889 ²20.
1006 4835 1016 4865 ⁵
1036 4838 1103 4888 Petri
1123 4836 1276 4887 Lornbardi.
