3688 6006
523 509 614 552 aman
635 508 888 570 autumnavit,
911 509 1092 554 anamma.
1449 510 1480 554 tx

134 701 241 794 (pag
262 698 306 770 18
331 713 367 772 et
393 722 450 794 19,
480 697 528 772 36
549 715 584 772 et
605 698 681 794 37),
711 696 928 774 invenimus
957 697 993 772 in
1014 697 1158 772 Codice
1187 722 1264 774 una
1294 715 1479 794 exparte,

134 832 174 891 ut
190 817 240 892 ita
258 817 444 913 dicamus,
460 819 658 916 quandam
675 821 953 912 abundantiam
975 819 1170 914 materiae,
1190 820 1307 895 altera
1324 843 1417 894 vero
1434 845 1478 893 ex

133 959 242 1038 parte
267 941 508 1039 reperiuntur
537 941 739 1016 manifesta
761 941 918 1038 vestigia
939 943 1170 1032 defectuum,
1191 966 1290 1036 quae
1312 957 1399 1018 sunt
1419 965 1478 1014 ar·

133 1079 330 1156 gumenm,
353 1062 511 1136 Librum
534 1062 815 1160 diligendarum
837 1064 989 1140 illorum
1010 1079 1230 1162 temporum
1261 1086 1336 1138 non
1364 1087 1477 1160 posse

133 1183 267 1257 haberi
297 1183 506 1282 perfectam
539 1185 743 1280 imaginem
778 1185 953 1260 omnium
988 1184 1025 1260 in
1055 1161 1291 1258 universum'
1317 1185 1476 1258 lectura·

134 1329 218 1378 rum
249 1305 441 1380 facultatis
470 1306 772 1406 philosophicae.
813 1308 873 1398 ld,
903 1307 1006 1405 quod
1038 1307 1074 1382 in
1104 1305 1246 1380 Codice
1277 1304 1478 1397 redundat,

131 1451 225 1501 casu
253 1441 402 1502 tantum
433 1427 604 1525 quodam
635 1431 774 1504 eodem
805 1428 949 1504 illatum
980 1451 1104 1526 neque
1135 1442 1191 1502 est
1218 1427 1267 1500 ita
1292 1429 1477 1524 amplum.

134 1549 212 1620 Res
241 1548 398 1646 quidem
423 1549 476 1623 sic
505 1551 701 1627 sehabet.
732 1551 771 1624 ln
801 1549 964 1626 lectoriis
986 1549 1142 1647 Collegii
1174 1550 1349 1643 melaria,
1379 1573 1479 1646 quae

133 1669 201 1744 fuit
231 1670 474 1767 potissimum
506 1672 617 1746 sedes
646 1672 835 1747 facultatis
866 1671 1166 1770 philosophicae,
1205 1670 1269 1746 ubi
1307 1669 1477 1764 magistri

132 1790 272 1865 artium
304 1792 500 1887 legebant,
539 1794 821 1891 profitebantur
858 1792 973 1868 etiam
1013 1793 1193 1868 lectiones
1236 1793 1475 1891 professores

131 1912 323 1988 facultatis
367 1913 552 2006 medicae,
595 1914 660 2013 qui
703 1914 772 1990 illis
818 1914 1058 2014 temporibus
1105 1939 1217 1990 suum
1262 1911 1475 2008 Collegium

131 2059 279 2132 suaque
309 2035 464 2110 lectoria
495 2036 667 2110 nondum
698 2037 903 2112 habebant.
952 2038 1083 2135 ltaque
1119 2035 1382 2133 unusquisque
1411 2034 1476 2108 de·

131 2179 251 2230 canus
289 2156 481 2232 facultatis
518 2157 720 2252 artisticae,
758 2159 862 2256 quod
884 2159 1073 2233 ¹nonnulli
1112 2173 1261 2233 tantum
1301 2156 1474 2246 neglexe-

133 2295 236 2373 runt,
276 2278 389 2352 refert
424 2280 522 2352 hanc
550 2281 601 2353 ob
631 2304 710 2354 rem
747 2281 783 2353 in
814 2281 1008 2355 Tabulam
1049 2281 1279 2354 lecttrrarum
1310 2294 1346 2351 et
1371 2301 1475 2352 exer·

130 2399 330 2494 citiorum,
365 2399 402 2474 in
431 2425 509 2499 quo
538 2401 696 2476 lectorio
725 2426 878 2499 quaque
909 2403 1004 2476 hora
1034 2403 1132 2498 legat
1166 2401 1380 2474 nmedicns«
1415 2399 1476 2471 vel

137 2522 376 2620 »physicusn
420 2525 601 2598 Ceterum
631 2541 760 2598 tamen
792 2523 849 2597 his
878 2523 1032 2598 decanis
1067 2524 1166 2598 nulla
1200 2538 1280 2596 erat
1306 2535 1476 2619 potestas

130 2643 355 2742 inspiciendi
385 2645 625 2742 professores
652 2643 843 2720 facultatis
865 2645 1036 2720 medicae
1057 2660 1101 2722 ,et
1130 2662 1351 2742 propterea,
1378 2666 1473 2719 non·

129 2765 242 2840 nullis
279 2780 316 2839 et
355 2766 486 2864 paucis
524 2766 617 2840 locis
654 2767 841 2864 exceptis,
884 2793 1007 2865 neque
1046 2768 1145 2840 hunc
1184 2765 1375 2840 medicum
1417 2764 1475 2836 vel

131 2887 332 2985 physicum
364 2886 592 2962 nominatim
620 2891 875 2986 protulerunt,
904 2913 1028 2986 neque
1050 2887 1352 2985 adscripserunt,
1376 2911 1475 2985 quae

129 3033 170 3082 re
201 3033 289 3087 vera
321 3009 357 3082 in
386 2989 587 3083 Medicinis
616 3027 717 3084 esset
748 3011 955 3108 professus,
985 3035 1108 3108 eoque
1139 3009 1265 3084 minus
1293 3026 1475 3106 putarunt

128 3130 187 3204 sui
222 3155 305 3204 esse
334 3129 450 3204 officii
489 3134 569 3226 ejus
602 3131 836 3228 diligentiam
870 3151 935 3206 aut
969 3131 1237 3228 negligentiam
1278 3131 1312 3204 in
1347 3129 1474 3204 lectio·

128 3251 241 3326 nibus
272 3269 417 3326 notare.
491 3238 497 3254 ⁸

234 3497 504 3572 Attamen'his
534 3497 678 3594 exiguis
708 3498 982 3573 additamentis
1019 3501 1124 3574 nullo
1159 3499 1277 3576 modo
1314 3515 1474 3597 possunt

9 3659 10 3670 κ
127 3617 374 3716 compensari
412 3641 549 3714 graves
587 3620 778 3714 defectus,
821 3619 885 3718 qui
924 3621 1005 3694 aliis
1044 3623 1078 3694 iu
1111 3624 1224 3694 rebus
1265 3619 1299 3694 in
1331 3621 1473 3696 Codice

9 3723 10 3732 ἵ
127 3739 350 3838 planissime
380 3757 587 3838 apparent:

233 3983 363 4080 ltaque
385 3982 588 4081 praecipue
609 3985 730 4082 prima
755 4007 843 4082 pars
864 3985 968 4058 Libri
994 3985 1274 4080 diligentiarum
1306 3985 1472 4060 continet

127 4118 278 4178 tantum
303 4104 491 4179 lectiones
521 4105 793 4200 magistrorum
816 4130 1029 4204 eorumque
1057 4127 1184 4204 partes
1205 4107 1240 4182 in
1262 4107 1473 4182 sabbativis

126 4224 276 4299 actibus
306 4225 521 4300 ordinariis.
569 4226 748 4324 Exceptis
777 4253 870 4301 vero
899 4229 1054 4302 duobus
1093 4229 1194 4302 haud
1232 4230 1360 4325 magui
1390 4255 1470 4303 mn·

127 4348 247 4421 menti
277 4347 430 4422 casibus
459 4349 634 4422 semestri
669 4349 831 4423 hiberno
861 4375 894 4422 a.
931 4354 1022 4424 1555
1055 4369 1090 4424 et
1119 4350 1267 4424 aestivo
1296 4376 1330 4424 a.
1365 4354 1472 4446 1557,

127 4493 207 4543 non
226 4469 470 4567 amplectitur
489 4495 613 4568 neque
633 4471 828 4560 lectiones,
849 4497 946 4569 quas
968 4496 1037 4570 pro
1053 4471 1310 4570 completione
1333 4471 1473 4548 biennii

129 4590 297 4665 hibernis
326 4591 578 4666 semestribus
601 4607 777 4692 tempore
799 4583 1130 4688 Quadragesimae
1151 4595 1230 4666 sive
1254 4594 1289 4668 in
1310 4593 1471 4687 jejunio,

127 4713 284 4787 aestivis
312 4731 441 4787 autem
471 4712 607 4788 diebus
642 4715 920 4789 canicularibus
957 4739 1026 4788 seu
1055 4733 1230 4812 tempore
1258 4717 1467 4790 vindemia·
1580 4695 1585 4708 ¹

128 4859 212 4908 rum
241 4833 480 4908 baccalaurei
509 4836 665 4926 artium,
694 4854 735 4910 ut
765 4837 965 4928 haberent,
994 4837 1317 4927 eranradsrrtcti,
1347 4861 1470 4934 neque

127 4980 263 5030 eorum
294 4956 573 5054 disputationes
607 4957 799 5055 publicas,
840 4983 935 5054 quas
964 4960 1100 5032 eodem
1131 4976 1305 5057 tempore
1335 4957 1470 5032 diebus

125 5077 278 5154 sabbati
308 5097 344 5154 et
365 5078 580 5156 dominicae
602 5078 893 5176 ingrederentur
912 5105 1066 5155 necesse
1085 5097 1178 5156 erat.
1203 5079 1309 5154 Talis
1335 5079 1471 5154 »Liber
