3672 6008
608 1841 875 1936 Appendix
901 1845 919 1918 ¹.

195 2161 313 2216 Anno
345 2155 414 2216 dni
452 2157 529 2236 1485
564 2155 643 2236 lunij
670 2155 719 2216 die
750 2176 785 2218 ao
812 2156 947 2218 Michael
971 2158 1010 2219 de
1035 2158 1233 2234 Bistrzikow,
1267 2159 1351 2238 wigo
1381 2160 1438 2220 Pa-

85 2261 166 2321 riski
192 2259 205 2295 ²
228 2259 341 2336 dictus,
366 2280 446 2340 mgr.
471 2261 588 2322 artium
618 2261 830 2342 promotionis
864 2262 1058 2338 parisiensis,
1090 2263 1254 2345 respondit
1285 2283 1343 2344 pro
1368 2264 1438 2324 loco

84 2365 173 2426 inter
197 2383 305 2444 mgros
329 2364 501 2426 Academie
526 2364 761 2442 Cracouiensis,
790 2385 864 2426 cum
896 2386 960 2447 quo
990 2368 1030 2429 30
1060 2367 1202 2446 magistri
1232 2368 1439 2428 decertabant

84 2489 153 2530 vno
184 2487 256 2530 cum
290 2469 395 2529 medio
427 2469 477 2530 die
512 2489 608 2550 super
643 2469 701 2530 hac
735 2470 903 2551 questione
935 2471 1117 2552 proposita:
1145 2472 1280 2533 »Vtrum
1306 2471 1437 2533 materia

86 2574 193 2654 prima
217 2573 257 2634 sit
281 2573 395 2635 entitas
420 2573 552 2635 actualis
577 2589 608 2635 et
632 2575 832 2656 potentatiua
865 2575 1050 2657 simpliciter
1083 2577 1226 2658 simplex,
1251 2596 1306 2657 per
1330 2597 1362 2637 se
1387 2594 1438 2637 co-

84 2677 273 2757 gnoscibilis
297 2692 328 2740 et
351 2699 407 2760 per
431 2699 463 2740 se
488 2678 673 2760 reponibilis
697 2679 728 2740 in
757 2680 1026 2761 praedicamento,
1051 2683 1090 2742 ab
1115 2682 1247 2743 entitate
1272 2678 1375 2760 forme
1407 2694 1437 2742 et

87 2782 270 2863 priuatione
295 2783 421 2844 realiter
444 2784 592 2844 distincta
617 2797 647 2844 et
671 2783 792 2865 absque
816 2785 1068 2846 contradictione
1100 2787 1139 2846 ab
1170 2785 1288 2846 eisdem
1313 2805 1438 2866 separa-

85 2886 194 2947 bilisu.
219 2890 392 2948 Assecutus
417 2887 523 2948 locum
549 2887 631 2948 inter
654 2887 801 2949 doctores
825 2902 856 2950 et
880 2889 1050 2968 magistros
1069 2889 1301 2970 philosophiae,
1320 2889 1436 2950 iterum

86 3011 238 3052 reuersus
269 2991 309 3051 ad
340 2992 548 3054 Academiam
581 2991 804 3064 parisiensem,
839 2994 1042 3054 doctoratum
1078 3007 1109 3055 et
1145 2993 1369 3072 magistratum
1407 2994 1439 3054 in

87 3095 252 3173 theologia
277 3095 408 3176 accepit.
434 3095 583 3174 Rediens,
607 3095 752 3158 similiter
777 3117 835 3178 pro
859 3097 930 3158 loco
955 3099 1037 3159 inter
1061 3097 1132 3158 dres
1157 3097 1338 3178 theologiae
1356 3117 1438 3158 asse·

86 3199 230 3282 quendo,
255 3200 419 3281 respondit
442 3201 552 3263 dribus
577 3201 749 3282 theologie.

193 3413 312 3471 Anno
343 3409 411 3470 dni
449 3411 526 3472 1536
558 3411 609 3472 die
646 3431 682 3494 ¹7
713 3411 792 3491 lunij
818 3411 1008 3489 Valerianus
1032 3411 1154 3473 Pernus
1185 3410 1436 3486 Craccoviensis,

87 3513 209 3575 artium
234 3532 315 3592 mgr.
348 3528 379 3574 et
403 3513 626 3595 philosophiae
657 3515 716 3587 dr.,
748 3515 779 3576 in
807 3515 1021 3577 Vniuersitate
1055 3515 1224 3576 Parisiensi
1258 3527 1438 3596 promotus,

88 3617 255 3700 respondit
288 3637 346 3698 pro
377 3618 448 3679 loco
480 3619 511 3680 in
543 3619 759 3681 Vniuersitate
793 3617 1000 3681 Cracouiensi
1032 3640 1128 3701 super
1160 3620 1218 3680 hac
1250 3619 1438 3700 questione:

91 3721 199 3784 ”Cum
223 3721 300 3783 haec
324 3723 383 3784 tria
409 3723 517 3785 insunt
541 3725 677 3796 animae,
702 3723 845 3800 affectus,
870 3725 1014 3806 potentie
1042 3738 1073 3785 et
1097 3723 1236 3800 habitus,
1262 3737 1349 3784 estne
1367 3743 1437 3784 sen-

88 3827 188 3888 tentia
224 3847 337 3888 eorum
372 3827 558 3904 refutanda,
595 3829 650 3909 qui
686 3828 716 3889 in
754 3829 935 3890 vniversum
972 3829 1156 3911 improbant
1191 3841 1247 3889 aut
1289 3825 1440 3888 auferunt

89 3930 255 3993 affectus«.

193 4137 310 4202 Anno
334 4140 402 4202 dni
433 4115 511 4222 1549
535 4140 585 4202 die
608 4161 630 4222 4
655 4140 735 4222 lunij
760 4141 920 4202 scholares
942 4140 1046 4220 Studij
1066 4139 1290 4203 Cracouiensis
1308 4139 1333 4212 ³,
1350 4157 1439 4220 prae·¹

89 4257 178 4306 sente
202 4258 277 4305 tunc
303 4245 402 4324 Regia
428 4244 626 4308 Maiestate⁴
651 4245 827 4308 Cracouiae
852 4260 882 4308 et
906 4245 1052 4328 plurimis
1076 4246 1289 4320 senatoribus,
1307 4257 1438 4325 propter

90 4368 155 4408 non
188 4348 441 4411 administratam
473 4349 631 4418 iusticiam
667 4371 702 4412 ex
734 4350 830 4411 caede
862 4365 1018 4412 nocturna
1050 4350 1244 4412 scholarium
1280 4347 1438 4408 Omnium

90 4490 296 4498 .—————-

146 4575 154 4604 ¹
172 4577 274 4626 Tabula
296 4577 437 4626 lectionum
457 4587 482 4626 et
501 4577 602 4626 Ordine
622 4578 809 4642 magistrorum
829 4576 1044 4627 commutationis
1063 4575 1177 4624 aestivae
1196 4590 1219 4626 a.
1244 4571 1316 4636 1563,
1337 4573 1439 4637 paginis

175 4661 320 4728 325-326,
341 4661 430 4712 finitur
450 4665 549 4714 Codex.
572 4665 699 4714 Proximis
719 4665 829 4730 paginis,
851 4663 997 4730 327-330‚
1023 4664 1192 4713 inveniuntur
1210 4663 1295 4711 tribus
1316 4661 1439 4710 manibus
1482 4655 1486 4662 '

171 4751 334 4816 conscriptae
353 4751 544 4817 adnotationes,
564 4767 630 4817 quas
650 4753 675 4801 in
695 4751 743 4801 hac
764 4753 915 4818 appendice
934 4752 1042 4801 damus:
1062 4762 1141 4816 atque
1160 4751 1344 4799 adnotationes
1361 4747 1438 4797 ·x.d.

178 4837 241 4902 1485
250 4859 322 4890 .....
345 4849 370 4888 et
391 4841 428 4889 ιΑ
451 4841 466 4887 d
495 4837 637 4906 154q....·
659 4839 763 4905 scripsit
783 4855 843 4896 una,
863 4839 1059 4888 adnotationem
1075 4842 1121 4888 ιΑ.
1135 4837 1160 4888 d.
1179 4835 1325 4887 1553....ι
1344 4836 1439 4885 Proco-

174 4927 264 4992 piades
283 4927 316 4976 de
337 4927 439 4976 Szadelr
459 4941 482 4976 a.
498 4925 577 4989 1564;
591 4927 707 4992 reliquas
720 4927 903 4976 adnotationes
919 4929 964 4976 ιΑ.
978 4927 1002 4976 d.
1022 4923 1178 4984 «536....·,
1201 4927 1246 4974 ιΑ.
1260 4925 1285 4974 d.
1301 4921 1441 4998 1553...·‚

176 5012 428 5080 ·x.d.1565....·,
451 5017 496 5065 ιΑ.
516 5014 541 5065 d.
565 5013 624 5079 1571
637 5035 711 5065 ....«
733 5023 758 5062 et
780 5013 886 5062 ·Frater
906 5013 1042 5062 Dionisius
1062 5013 1228 5063 Ouilla....·
1246 5025 1341 5059 manns
1356 5009 1439 5058 tertia.

144 5101 154 5129 ²
172 5103 238 5154 alias
258 5101 420 5154 Parisiensis.
528 5099 539 5130 ³
557 5099 596 5154 cf.
616 5103 677 5151 Acta
693 5100 824 5166 historica,
841 5101 847 5148 l
863 5099 913 5164 453
928 5115 985 5166 sqq.
1094 5098 1103 5127 ⁴
1122 5099 1293 5164 sigismundo
1311 5099 1439 5168 Augusto,
