3688 6006
376 1794 746 1901 LECTURlS
786 1797 1174 1902 SALUTEM!

99 2625 353 2720 losophorum
392 2618 567 2696 ordinem
604 2617 935 2718 repraesentantes
965 2621 1136 2717 magistri
1164 2621 1336 2698 unanimi
1365 2641 1439 2696 sta·

94 2761 250 2819 ruerunt
278 2760 384 2835 vom,
421 2761 463 2816 ut
501 2744 536 2816 in
567 2759 765 2840 posterum
805 2741 1104 2841 uniuscujusque
1142 2742 1338 2818 semestris
1375 2743 1438 2818 de·

95 2892 215 2940 canus
254 2867 288 2939 in
329 2881 508 2962 separato
547 2863 724 2958 Registro
762 2883 982 2940 accuratum
1023 2866 1230 2940 conficeret
1259 2889 1439 2963 conspec-

94 3004 178 3060 tum
227 2990 457 3060 lecturarum
501 3002 535 3059 et
583 2985 850 3060 exercitiorum
900 2986 1195 3083 magistrorum,
1242 3011 1311 3060 nec
1363 3011 1439 3066 non

94 3133 193 3202 quas
219 3124 347 3205 partes
372 3107 487 3181 iidem
514 3109 550 3180 in
571 3107 782 3181 sabbativis
811 3108 959 3182 actibus
984 3107 1188 3182 ordinariis
1216 3133 1285 3182 seu
1309 3107 1437 3207 dispu-

96 3231 305 3304 tationibus
340 3227 501 3327 publicis
535 3229 758 3320 habuerint,
794 3244 829 3304 et
863 3232 1046 3328 cujusque
1077 3255 1212 3308 corum
1242 3229 1440 3325 diligenter

97 3367 245 3426 notaret
275 3350 522 3448 negligentias
552 3367 588 3424 et
616 3349 841 3446 diligentias.
889 3351 1008 3446 Cuius
1043 3354 1191 3448 generis
1220 3352 1438 3428 authentica

98 3474 289 3567 Registra,
318 3472 419 3546 dicta
453 3470 649 3566 »Registra
679 3471 868 3546 facultatis
897 3472 1124 3564 artisticae«,
1151 3471 1355 3548 »Metricae
1384 3473 1438 3548 f-

96 3595 245 3668 cultatis
288 3593 598 3692 philosophicae«
648 3594 708 3666 vel
756 3592 880 3668 »Libri
925 3592 1206 3690 diligentiorum
1248 3593 1439 3670 facultatis

97 3715 423 3814 philosophicae«,
462 3714 550 3790 inde
584 3739 605 3788 a
635 3714 810 3790 semestri
849 3715 1009 3791 hiberno
1044 3741 1078 3790 a.
1114 3717 1208 3811 1487
1239 3717 1437 3813 usquead

98 3862 130 3910 a.
162 3838 257 3934 1780
286 3852 439 3911 servata
469 3837 580 3910 nobis
610 3853 698 3911 sunt
724 3837 877 3912 fortuna
918 3861 1103 3934 prospera
1142 3838 1180 3912 in
1217 3836 1438 3914 collectione

99 3961 281 4032 librorum
312 3959 665 4056 manuscriptorum
697 3958 950 4032 bibliothecae
980 3957 1247 4034 Universitatis
1276 3943 1437 4054 lagello·

99 4080 213 4154 nicae.
245 4081 330 4154 Hoc
358 4094 488 4154 autem
520 4079 639 4152 modo
669 4080 868 4174 instructa,
899 4097 939 4154 ut
959 4079 996 4152 in
1017 4104 1132 4154 omne
1153 4080 1231 4154 lere
1253 4097 1437 4154 semestre

98 4202 262 4301 primum
284 4201 477 4276 Tabulam
507 4201 740 4276 lecturarum
771 4217 807 4276 et
836 4202 1127 4293 exercitiorum,
1157 4201 1346 4298 digestam
1379 4226 1436 4276 se-

99 4324 262 4398 cundum
308 4306 462 4404 lectoria
506 4325 711 4420 horasque,
753 4321 892 4402 deinde
932 4321 1118 4400 Ordinem
1162 4323 1435 4420 magistrorum

98 4446 333 4540 contineant,
372 4462 407 4519 et
441 4444 626 4542 temporis
661 4469 867 4542 progressu
897 4462 1099 4542 compacta
1129 4445 1165 4520 in
1195 4445 1340 4543 aliquot
1368 4469 1435 4518 vo·

99 4567 259 4660 lumina,
296 4567 372 4662 jam
413 4590 513 4641 nunc
551 4568 770 4663 complures
800 4567 967 4641 efficiunt
1002 4567 1153 4642 codices
1183 4584 1218 4640 et
1248 4583 1372 4640 aetate
1401 4583 1437 4642 et

100 4689 157 4778 iis,
186 4713 284 4786 quae
314 4689 529 4776 continent,
558 4689 773 4764 admodum
803 4687 981 4786 insignes.

200 4934 353 5008 Partem
374 4956 510 5007 eorum
534 4933 701 5030 primam
727 4932 1087 5031 gravissimamque,
1116 4933 1434 5030 complectentem

99 5079 215 5128 annos
241 5055 504 5152 1487-1563,
533 5053 674 5152 placuit
695 5054 833 5128 Ordini
861 5055 1058 5154 philologo
1080 5053 1313 5128 Academiae
1339 5055 1433 5129 litte·
