3676 6028
527 501 617 546 ursan
638 503 891 564 ururuumrnnuu,
916 499 984 546 tout.
1373 485 1433 546 215

186 691 393 756 Socratis:
417 713 448 774 9.
473 712 555 773 mgr.
580 693 759 756 Stanislaus
777 691 936 776 Czyeslya
957 692 1156 759 ¹Tractatus
1173 693 1259 754 Petri
1284 693 1432 776 Hispani,

73 798 199 879 incepit
223 797 274 860 die
298 797 529 876 innovacionis,
553 798 582 877 i;
612 818 658 860 ιο.
682 817 765 878 mgr.
790 797 910 860 Paulus
933 797 1082 878 Caligula
1100 797 1114 834 ¹
1129 797 1348 879 Dyalecticam
1366 797 1433 859 Ru·

74 901 224 984 dolphi¹,
237 901 355 984 incepit
371 915 486 984 quarta
503 903 553 964 die
570 903 691 982 innov.;
713 923 760 965 rr.
779 921 861 982 mgr.
880 901 1088 965 Sebastianus
1105 901 1144 964 de
1162 901 1298 984 Cleparz
1316 900 1433 964 Ollicia

76 1005 261 1085 Ciceronis,
285 1005 403 1088 incepit
427 1007 565 1070 secunda
583 1007 633 1068 die
650 1005 771 1084 innov.;
793 1026 840 1069 ra.
858 1025 940 1086 mgr.
958 1005 1071 1068 Simon
1089 1005 1216 1068 Lowicz
1233 1006 1433 1068 Exercicium

74 1111 267 1173 Parworam
284 1111 491 1188 naturalium,
515 1111 565 1174 die
589 1110 710 1189 innon,
736 1109 841 1174 finiuit
866 1111 942 1173 feria
967 1124 1054 1172 sexta
1078 1123 1153 1173 ante
1178 1111 1382 1191 Margarethe
1400 1108 1433 1190 ⁴3

80 1217 133 1278 15.
159 1231 219 1295 -;
247 1217 293 1279 16.
318 1235 399 1296 mgr.
424 1215 615 1278 Valentinus
646 1215 684 1278 de
717 1215 816 1277 Rawa
850 1214 1068 1278 Gramaticam
1092 1214 1210 1291 Peroti,
1241 1215 1291 1278 die
1324 1215 1433 1280 innov.

75 1423 230 1507 Cozmyo
255 1423 376 1488 Eneida
392 1424 535 1507 Vergily,
560 1423 637 1486 feria
662 1423 759 1486 tercia
783 1423 814 1485 in
838 1424 979 1486 crastino
1002 1445 1026 1486 s.
1046 1423 1187 1486 Floriani
1212 1423 1227 1461 ⁶
1249 1422 1379 1506 incepit,
1405 1423 1433 1504 j;

82 1549 133 1609 ¹9·
160 1548 240 1610 mgr.
265 1529 384 1592 Paulus
409 1529 560 1610 Gambijn
588 1527 601 1566 ⁷
624 1529 797 1591 Lecturam
821 1528 1054 1607 Polliticorurn,
1075 1528 1193 1610 incepit
1216 1529 1357 1591 secunda
1381 1528 1431 1590 die

75 1634 204 1711 innon,
233 1634 369 1697 cessauit
400 1649 474 1697 ante
505 1633 710 1714 Margarethe
735 1633 759 1712 ¹,
791 1632 842 1710 iii;
876 1651 926 1696 20.
958 1651 1040 1714 mgr.
1066 1633 1212 1695 Andreas
1234 1631 1434 1715 Cobilyno¹

75 1739 271 1801 Parworum
293 1739 490 1820 logicalium,
514 1739 633 1822 incepit
656 1737 797 1802 secunda
820 1737 871 1800 die
895 1737 1017 1814 innon,
1041 1737 1172 1800 tandem
1196 1737 1331 1800 cessavit
1355 1751 1431 1800 ante

78 1843 292 1923 caniculares,
316 1843 382 1906 iiiii.

189 2052 418 2134 lpocratis:
454 2073 484 2134 9.
509 2068 571 2132 -;
611 2069 743 2127 ro.-;
779 2069 910 2130 11.-;
948 2072 995 2114 12.
1031 2067 1087 2128 -;
1128 2055 1175 2113 15.
1200 2067 1259 2128 -;
1300 2052 1433 2128 16.-;

85 2177 136 2240 ¹7·
163 2173 221 2237 -;
250 2157 297 2219 18.
322 2173 381 2236 —;
411 2177 459 2239 ¹9·
491 2177 573 2238 mgr.
605 2157 751 2219 Andreas
784 2155 1007 2239 Dambrowskj
1037 2155 1290 2234 Arismetricam,
1315 2154 1433 2237 incepit

78 2261 134 2326 die
159 2261 391 2341 innouacionis,
416 2260 521 2324 finiuit
544 2261 576 2324 in
600 2261 709 2342 vigilia
726 2261 840 2325 Crucis
870 2261 914 2341 ¹¹¹3
940 2281 990 2324 20.
1016 2296 1068 2323 —·.

188 2471 320 2554 Prope
351 2470 539 2534 ualuam:
564 2491 593 2552 9.
618 2470 667 2533 dr.
684 2471 789 2534 Adam
811 2471 850 2533 de
866 2470 1024 2553 Brzeziny
1042 2490 1098 2552 per
1114 2469 1214 2532 alium
1230 2467 1433 2532 continuauit

80 2575 246 2638 Parwlum
269 2574 471 2658 philosophie
496 2575 661 2654 naturalis,
686 2575 736 2637 die
760 2575 991 2653 innovacionis,
1016 2574 1204 2637 terminauit
1220 2573 1297 2636 feria
1315 2586 1430 2654 quarta

81 2693 157 2762 post
180 2679 283 2761 Egidy
311 2679 348 2758 ¹¹,
372 2693 403 2742 et
426 2679 544 2762 incepit
579 2679 852 2743 lntroductorium
882 2679 916 2741 in
947 2679 1138 2756 Almanach,
1170 2678 1233 2758 iiii;
1269 2699 1316 2740 10.
1349 2697 1431 2758 mgr.

82 2902 143 2951 etc.
173 2888 218 2968 ¹¹3
247 2910 293 2952 rr.
319 2906 378 2970 -;
408 2909 454 2952 12.
480 2909 561 2970 mgr.
585 2890 737 2952 Nicolaus
766 2889 806 2952 de
830 2890 921 2952 Nova
952 2889 1081 2952 ciuitate
1110 2886 1137 2926 ¹⁴
1160 2887 1359 2950 Exercicium
1383 2887 1431 2948 De

82 2991 305 3074 generacione,
330 2994 427 3057 tercia
450 2995 501 3058 die
525 2995 633 3058 innov.
658 3013 715 3076 pro
740 3013 778 3057 co
802 2994 921 3076 incepit
937 3013 1019 3075 mgr.
1038 2994 1173 3056 loannes
1189 2991 1431 3075 Dobrosyelskj‚

82 3096 189 3160 finiuit
213 3097 289 3160 feria
312 3099 452 3162 secunda
476 3113 549 3182 post
571 3103 665 3162 Anne
694 3098 732 3177 ¹¹,
756 3098 886 3161 tandem
910 3098 1030 3180 incepit
1046 3099 1236 3160 Tractatum
1254 3095 1432 3158 secundum

83 3305 239 3389 Bochnija
256 3306 284 3346 ¹¹
299 3308 471 3372 Lecturam
490 3307 701 3391 Topicorum,
718 3308 768 3370 die
785 3309 904 3386 innov,
921 3306 1026 3370 finiuit
1042 3320 1116 3390 post
1131 3305 1252 3388 Mathej
1265 3305 1296 3386 ⁵;
1317 3325 1367 3368 20.
1378 3341 1430 3366 —.

187 3517 257 3580 llee
278 3516 305 3554 ¹³
328 3519 503 3582 uacabant:
528 3517 832 3598 Euclides.-Mgr.
859 3516 961 3580 Adam
986 3515 1025 3580 de
1049 3516 1193 3578 Tarnow
1212 3513 1238 3552 ¹⁷
1254 3514 1431 3598 disputauit

83 3621 345 3685 extraordinarie.

85 3949 185 4004 Ordo
205 3952 471 4018 Magistrorum
491 3957 596 4005 aetus
614 3953 821 4005 ordinarios
841 3952 1078 4004 visitanelum
1104 3952 1312 4004 secundum
1338 3953 1431 4003 ordi-

121 4069 206 4108 nem
228 4069 359 4110 eorum
380 4059 604 4122 tripartitum
620 4059 657 4109 in
671 4058 853 4110 decanatu
866 4057 960 4123 mqrj
984 4057 1120 4108 Mathie
1138 4057 1183 4108 de
1202 4055 1395 4110 Craoouia:

188 4249 384 4330 Magistri
409 4251 455 4314 de
480 4249 679 4332 Collegio
703 4251 853 4328 maiorj
879 4249 1003 4334 primi
1032 4249 1215 4312 ordinis:
1248 4269 1329 4330 mgr.
1348 4249 1431 4311 Mar-

85 4354 170 4417 tinus
193 4353 232 4416 de
256 4353 526 4437 Comprouincia;
551 4375 632 4436 mgr.
657 4356 816 4418 Martinus
840 4356 878 4418 de
903 4352 1107 4418 Cerdonibus
1136 4353 1172 4432 ¹⁸,
1199 4373 1255 4435 per
1285 4353 1384 4415 alium
1410 4353 1430 4435 j,

85 4457 223 4539 neglexit
236 4458 273 4540 jj;
298 4479 379 4539 mgr.
394 4459 545 4522 Nicolaus
562 4458 707 4522 Schadelt
722 4477 731 4540 ;
747 4495 789 4508 -
805 4461 979 4524 secundi
1004 4458 1186 4522 ordinis:
1204 4477 1285 4537 mgr.
1296 4457 1431 4520 lacobus

140 4665 147 4696 ¹
166 4667 199 4718 de
217 4665 345 4718 Cracovia
364 4666 560 4734 carpentarius.
667 4667 678 4700 ¹
697 4667 795 4720 Hosius
811 4667 843 4718 de
857 4667 993 4732 Cracovia,
1012 4667 1118 4720 ineunte
1137 4683 1160 4719 a.
1184 4666 1249 4732 1534
1266 4667 1299 4718 ad
1319 4667 1430 4733 gradum

169 4755 311 4820 magisterii
331 4765 478 4822 promotus.
500 4755 688 4818 Mucrlrowslri,
709 4756 787 4806 Liber
806 4741 929 4821 promor,
952 4755 1007 4823 189.
1116 4753 1292 4822 'Agricolae

142 4841 152 4872 ¹
173 4857 203 4892 to
226 4841 299 4892 Julii.
407 4839 419 4870 ⁵
437 4857 466 4893 21
489 4843 661 4911 Septembris.
769 4842 895 4902 'saluit
1001 4843 1011 4872 ¹
1031 4843 1063 4892 de
1075 4843 1170 4910 Gabia.
1185 4841 1372 4909 llucalrnwslri,
1384 4844 1400 4894 1.
1408 4858 1430 4897 c.

170 4928 226 4997 189.
334 4927 485 4982 ¹13Julii.
593 4931 728 4983 ’Glaben
838 4929 860 4961 ¹¹
881 4931 910 4982 13
931 4929 1109 4998 Septembris?

130 5015 150 5047 ¹¹
170 5032 183 5067 2
203 5017 375 5083 Septembris.
485 5015 506 5046 ¹¹
524 5018 698 5084 planetarum.
808 5017 830 5048 ¹⁸
848 5017 905 5069 Sic!
1014 5017 1036 5048 ¹¹
1055 5017 1176 5069 Herbest.

131 5101 151 5134 ¹¹
170 5119 202 5172 ²7
220 5105 290 5156 iulii.
399 5103 422 5135 ¹¹
439 5103 598 5172 Lubelcaylr.
707 5103 729 5134 ¹¹
748 5105 889 5158 Tusslnus.
998 5103 1019 5136 ¹¹
1039 5105 1154 5157 Garbara
1165 5105 1198 5156 de
1208 5105 1346 5158 Cracovia.
