3688 6006
392 542 437 584 m
858 541 1278 584 mmm-lm.

394 745 615 804 notatarum
635 755 771 827 opera.
799 755 876 828 qua
902 731 1021 826 potui.
1041 729 1211 824 diligenti
1230 755 1366 802 orsus:
1395 731 1480 802 Sub
1498 747 1740 827 preceptore:

394 852 702 926 Grammaticam
736 852 894 943 Piladis,
919 851 1089 948 Eglogas
1108 852 1270 947 l'irgilii.
1299 851 1446 924 Eneida
1469 851 1627 946 t'irgitij.
1649 852 1738 924 Dio-

394 973 534 1046 nisium
566 973 870 1047 Alexandrinum
915 975 973 1046 De
1010 975 1083 1047 situ
1117 973 1242 1064 orbis,
1271 973 1467 1046 Valerium
1510 973 1740 1046 Maximum.

396 1095 537 1168 Aulum
568 1095 757 1188 Gellium,
797 1095 1058 1193 Pomponium
1088 1097 1248 1170 Letum.
1277 1094 1488 1168 Salustium
1523 1111 1740 1192 varumque,

395 1217 557 1290 Lucium
601 1217 783 1306 Florum,
821 1217 946 1291 Vittas
988 1219 1179 1290 Cesarum
1220 1241 1244 1290 a
1281 1217 1511 1315 Tranquillo
1552 1215 1740 1291 Suetonio

394 1338 571 1436 scriptas,
600 1339 761 1414 Sextum
793 1340 955 1428 Rufum,
984 1340 1270 1436 Algoritbmum
1292 1341 1491 1423 linealem;
1520 1341 1594 1411 sub
1613 1339 1739 1412 Coxo:

393 1459 526 1534 Titum
557 1461 728 1550 Livium,
767 1461 932 1535 Fabium
962 1461 1261 1554 Quintilianum,
1299 1461 1494 1559 Epistulas
1534 1459 1738 1532 lberonimi

392 1598 502 1668 octo:
534 1584 609 1656 sub
637 1583 853 1656 Clemente:
885 1583 1116 1658 Suetonium
1145 1585 1411 1682 Traquillum;
1439 1587 1512 1656 sub
1542 1582 1738 1676 Agricola:

393 1702 579 1778 Ouidium
614 1705 651 1778 in
682 1705 827 1794 Fastis:
869 1709 943 1778 sub
971 1705 1167 1779 Schadek:
1201 1705 1551 1803 Cosmographiam
1585 1703 1737 1802 Stopni-

393 1849 556 1900 censue.

499 2069 649 2143 Harum
679 2070 855 2146 omnium
886 2072 1116 2176 lectionum,
1144 2073 1286 2170 quibus
1315 2071 1504 2144 Erasmus
1531 2071 1737 2144 Betbman-

394 2213 466 2264 nus
498 2215 660 2287 operam
695 2193 835 2284 dabat,
872 2195 1079 2266 nonnullas
1116 2209 1267 2268 tantum
1302 2193 1419 2266 Liber
1456 2192 1736 2287 diligentiorum

392 2335 470 2385 non
499 2311 661 2408 ignorat.
691 2315 823 2412 ltaque
848 2316 1064 2389 Stanislaus
1093 2316 1140 2388 de
1163 2317 1361 2412 Rzeczyca
1383 2316 1616 2412 Rzeczycius
1639 2315 1737 2410 lege·

394 2434 458 2506 bat
486 2433 642 2532 quidem
681 2436 1051 2510 commutationibus
1088 2437 1338 2512 aestivalibus
1369 2461 1405 2510 a.
1440 2439 1533 2512 1523
1568 2453 1605 2510 et
1643 2439 1740 2528 1524

393 2573 429 2626 et
458 2557 763 2632 commutatione
802 2557 956 2633 hiemali
993 2585 1028 2632 a.
1063 2561 1156 2634 1523
1187 2559 1384 2634 Valerium
1414 2560 1647 2650 Maximum,
1680 2583 1737 2632 se·

394 2675 526 2750 mestri
554 2693 683 2752 autem
714 2679 863 2753 aestivo
891 2681 1316 2768 a.15228allustium;
1344 2682 1413 2756 sed
1438 2680 1604 2755 eundem
1629 2681 1738 2754 annis

400 2799 668 2896 1518-1527
708 2802 843 2896 legisse
881 2804 995 2876 etiam
1026 2804 1333 2878 Grammaticam
1366 2804 1540 2900 Pyladis.
1575 2803 1738 2898 Eclogas

392 2937 428 2992 et
459 2919 631 2996 Aeneida
661 2923 829 3018 Vergilii,
861 2927 1089 3020 Dionysium
1122 2926 1448 3004 Alexandrinum,
1478 2927 1620 2999 Aulum
1650 2925 1737 2998 Gel-
1841 2979 1842 3006 ,

393 3039 503 3132 lium,
548 3043 684 3140 Pomp.
727 3047 908 3136 Laetum,
958 3049 1048 3121 Luc.
1091 3049 1266 3138 Florum,
1309 3047 1538 3122 Suetonium
1581 3048 1738 3141 Tranq,

394 3161 481 3236 Sex.
505 3163 648 3238 Rulum
678 3183 715 3239 et
746 3169 1032 3262 Algoritbmum
1063 3170 1263 3262 linealem,
1292 3195 1339 3244 ex
1368 3187 1502 3244 nostro
1531 3170 1628 3242 libro
1656 3192 1737 3242 ma·
1841 3227 1842 3272 ,

393 3284 589 3381 nuscripto
619 3287 777 3362 minime
806 3291 1021 3388 comperire
1051 3291 1236 3389 potueris.
1268 3293 1326 3366 Ex
1353 3290 1581 3366 lectionibus
1601 3299 1737 3387 poetae
1841 3311 1842 3368 ζ

396 3406 588 3481 Leonardi
610 3409 706 3484 Coxi
728 3413 874 3506 Anglici
904 3429 1059 3486 notatur
1079 3414 1237 3512 quidem
1260 3415 1295 3488 in
1317 3415 1435 3488 Libro
1456 3413 1736 3508 diligentiarum

395 3528 525 3601 Livius
554 3534 858 3608 commutatione
888 3536 1061 3609 aestivali
1090 3561 1124 3609 a.
1156 3540 1251 3633 1519
1281 3555 1317 3610 et
1346 3536 1606 3628 Quintilianus
1634 3557 1735 3606 com·
1841 3541 1842 3624 i

394 3652 607 3726 mutatione
648 3656 820 3730 aestivali
863 3681 897 3730 a.
947 3660 1058 3748 1526,
1096 3659 1326 3732 omittuntur
1368 3675 1499 3732 tamen
1544 3655 1737 3753 Epistulae
1841 3657 1842 3742 ᾗ

393 3798 421 3844 s.
453 3761 715 3872 Hieronymis
742 3778 834 3852 ltem
870 3761 1052 3852 Clemens
1091 3779 1312 3878 Opoliensis
1349 3781 1526 3854 tradebat
1564 3775 1737 3850 semestri

392 3893 541 3968 aestivo
579 3921 613 3970 a.
649 3900 745 3996 ¹5¹9
784 3899 1014 3976 Suetonium
1053 3911 1246 4000 poetaque
1284 3902 1517 3998 Rudolphus
1560 3898 1737 3994 Agricola
1841 3921 1842 4002 3

392 4017 531 4092 eodem
561 4022 735 4096 semestri
753 4022 883 4097 Ovidii
906 4023 1066 4110 Faetus:
1096 4041 1268 4098 attamen
1289 4022 1553 4098 Stobnicensis
1573 4022 1736 4116 Cosmo·
1841 4071 1842 4118 3

392 4141 617 4238 graphiam‚
647 4143 694 4216 de
722 4169 798 4242 qua
829 4145 887 4218 his
915 4146 1157 4244 temporibus
1186 4147 1303 4222 etiam
1334 4145 1516 4220 Nicolaus
1545 4143 1737 4218 aSzadelt
1841 4129 1842 4140 ¹

394 4262 654 4360 Procopiades
694 4266 875 4340 lectiones
905 4269 1095 4353 habebat,
1134 4270 1275 4342 frustra
1314 4269 1349 4342 in
1380 4268 1498 4342 Libro
1527 4263 1735 4362 diligentia·
1841 4349 1842 4352 Ἴ

393 4407 478 4458 111111
507 4386 755 4484 quaesiveris.

498 4630 727 4704 Habuerunt
757 4629 869 4726 igitur
897 4633 969 4706 illis
1007 4635 1248 4732 temporibus
1287 4633 1481 4730 magistri,
1518 4649 1558 4707 ut
1597 4657 1642 4706 ex
1675 4653 1735 4705 su·-

392 4749 608 4848 perioribus
641 4772 824 4850 apparet,
864 4757 1004 4829 multas
1032 4781 1188 4854 quoque
1218 4757 1312 4832 alias
1342 4757 1523 4830 lectiones
1553 4749 1736 4846 iuventuti

392 4871 527 4946 studiis
556 4875 708 4946 deditae
738 4877 992 4966 necessariaS,
1022 4903 1119 4974 quas
1148 4895 1277 4954 tamen
1311 4881 1426 4954 Liber
1455 4875 1734 4974 diligentiarum

394 5020 551 5090 prorsus
572 4997 762 5093 praeterit.
795 4999 925 5096 ltaque
951 5000 1159 5096 quaeritur,
1181 5003 1243 5074 ubi
1270 5002 1342 5078 sint
1372 5001 1523 5076 habitae
1554 5017 1589 5074 et
1618 5021 1737 5097 quare

394 5115 430 5190 iu
460 5117 602 5192 Codice
633 5135 766 5192 nostro
796 5117 952 5194 desint?
