3672 6008
487 475 577 516 amun
599 475 853 531 umrauxrrxrtuu,
878 473 1040 516 aeeuxurx.
1380 457 1440 538 357

77 665 212 726 eteius
245 664 333 744 curie
364 663 502 741 comitis,
534 664 633 725 eciam
668 663 914 726 concionatoris.
950 663 1000 724 nd
1032 681 1102 724 eam
1135 664 1353 726 celebritatem
1385 663 1440 724 Se·

77 769 273 830 renissimus
311 767 536 848 Sigismundus
571 771 738 848 Augustus
775 767 904 849 petitus,
941 767 1044 832 libens
1078 767 1175 831 venit.
1208 769 1337 830 Interim
1370 787 1441 850 pre-

78 873 183 934 terire
223 871 337 948 noluit,
372 873 449 953 quin
489 871 684 952 Collegium,
718 871 900 933 clenodium
933 872 1193 952 predecessorum
1225 893 1369 950 suorum,
1393 873 1439 932 111-

77 977 205 1038 viserit.
243 975 406 1056 ingressus
429 977 645 1058 conspiciebat
668 991 862 1038 structuram
895 977 1117 1059 hyppocausti,
1150 978 1317 1040 lectorium
1341 977 1360 1055 ¹,
1386 977 1437 1038 de-

80 1081 162 1142 inde
196 1081 424 1143 bibliothecam
456 1081 656 1157 obambulat,
688 1082 843 1143 librorum
876 1082 1001 1161 copiam
1035 1095 1066 1143 et
1098 1082 1310 1144 instrumenta
1339 1095 1439 1144 astro·

80 1185 191 1264 logica
219 1185 319 1246 eciam
344 1187 573 1260 contrectabat,
599 1187 695 1247 verba
720 1186 777 1246 hec
801 1184 982 1267 proferens:
1019 1185 1260 1268 ”Cupiebamus
1289 1187 1351 1248 iam
1381 1186 1438 1248 du·

82 1290 167 1350 dum
192 1289 249 1350 hec
274 1289 391 1366 videre,
420 1309 560 1371 quorum
593 1305 624 1352 et
655 1290 679 1351 si
713 1288 830 1352 famam
862 1289 1056 1368 audiuimus,
1088 1311 1173 1353 nunc
1205 1292 1304 1352 eciam
1337 1289 1438 1352 oculis

81 1394 206 1456 nostris
230 1393 366 1456 letanter
389 1394 638 1476 conspicimus«.
664 1394 813 1456 Tandem
837 1395 910 1455 edes
939 1394 969 1456 d.
996 1399 1099 1475 Anne,
1132 1397 1184 1457 vbi
1216 1395 1438 1458 celebrabatur

81 1497 265 1579 promocio,
291 1497 462 1578 ingressus,
488 1499 694 1580 questionum
712 1498 906 1560 decisionem
924 1511 1044 1560 attente
1061 1499 1194 1576 audiuit,
1212 1501 1312 1562 donec
1329 1499 1437 1560 omnia

81 1602 301 1684 explerentur.
319 1603 353 1664 ln
379 1603 463 1665 exitu
490 1603 528 1664 ad
552 1623 627 1665 suos
652 1604 746 1665 dixit:
774 1603 935 1665 ”Placebit
960 1603 1051 1664 nobis
1076 1603 1177 1666 eciam
1210 1605 1241 1666 in
1272 1619 1442 1685 posterum·

81 1707 253 1768 occasione
278 1721 368 1769 nacta
393 1708 544 1769 interesse
570 1708 726 1769 eiusmodi
752 1707 990 1768 celebritatibus
1015 1721 1091 1770 etc.u
1120 1709 1160 1770 Et
1182 1709 1256 1788 quia
1274 1709 1437 1769 Reueren-

81 1811 236 1873 dissimus
260 1811 404 1872 Andreas
428 1811 650 1889 Zebridouius,
676 1809 901 1873 Cracouiensis
925 1813 1043 1893 presul,
1076 1813 1107 1873 in
1139 1813 1280 1892 graciam
1307 1832 1436 1894 promo·

82 1931 193 1977 rorum
220 1917 353 1997 parabat
376 1915 575 1992 conuiuium,
601 1916 701 1995 Regia
727 1916 874 1980 Maiestas
906 1916 1008 1978 eidem
1041 1931 1152 1996 rogata
1185 1919 1336 1981 interesse
1371 1937 1435 1978 non

82 2021 203 2082 renuit.
228 2021 300 2081 Non
325 2019 386 2082 fuit
409 2033 475 2082 tam
499 2019 583 2095 felix,
608 2033 674 2082 tam
698 2020 831 2082 celebris
855 2021 1021 2102 promocio
1052 2021 1135 2084 intra
1167 2025 1207 2084 60
1238 2021 1435 2084 1110011111-

82 2125 188 2187 morie
212 2143 293 2196 mee‚
318 2139 424 2205 preter
447 2144 529 2200 eam,
554 2145 616 2207 que
641 2145 726 2186 anno
755 2145 835 2207 ¹499
859 2126 891 2186 in
915 2126 1123 2207 responsione
1157 2125 1332 2188 Clarissimi
1365 2125 1435 2204 viri,
1504 2167 1506 2170 -

82 2229 156 2290 Ade
181 2229 220 2289 de
244 2228 365 2290 Bochin
391 2247 446 2290 seu
473 2229 583 2306 Louic,
608 2229 658 2290 cui
682 2229 783 2290 eciam
801 2249 931 2310 presens
949 2231 1059 2292 aderat
1075 2229 1304 2292 Serenissimus
1322 2229 1435 2292 lohan-

82 2355 143 2395 nes
169 2334 320 2394 Albrrtus
343 2351 417 2395 cum
442 2332 538 2394 fratre
563 2333 757 2411 Alexandro,
782 2334 813 2395 in
838 2335 977 2415 graciam
1011 2335 1124 2396 medici
1149 2355 1262 2396 eorum
1287 2335 1434 2396 Maiesta-

82 2453 168 2514 tum,
201 2459 257 2500 nec
290 2439 544 2520 aspernebantur
575 2438 674 2500 eciam
707 2436 886 2513 refectorio,
917 2453 951 2502 vt
981 2439 1106 2516 dicitur,
1139 2439 1293 2520 regalium
1326 2439 1435 2501 adesse

82 2557 144 2603 etc.
171 2577 212 2588 -
237 2543 303 2604 Hrc
329 2542 406 2604 mihi
439 2541 572 2604 Nicolao
603 2542 784 2620 aShadek,
813 2564 838 2604 s.
871 2543 1033 2623 theologie
1066 2541 1248 2624 professori,
1280 2543 1434 2605 canonico

82 2646 305 2721 Cracouiensi‚
330 2646 380 2708 hic
404 2647 540 2708 scribere
572 2645 676 2708 visum
707 2660 764 2724 est,
796 2647 850 2729 qui
882 2647 931 2709 his
963 2645 1028 2710 fere
1059 2647 1211 2710 omnibus
1242 2647 1371 2710 interfui
1403 2660 1435 2708 et

82 2749 386 2830 Regie'Maiestatis
410 2770 597 2832 progressus
621 2751 660 2812 ad
684 2751 792 2812 omnia
817 2751 886 2812 loca
910 2752 974 2812 dux
999 2750 1054 2826 fui,
1079 2771 1165 2814 anno
1186 2752 1277 2813 etatis
1294 2771 1364 2813 mee
1381 2755 1433 2834 75,

82 2855 209 2916 Natalis
234 2875 309 2916 vero
335 2853 454 2917 Christi
486 2857 574 2934 1564,
599 2855 653 2936 qui
678 2855 777 2916 eciam
802 2875 914 2917 omnes
939 2857 1109 2936 magistros
1141 2871 1172 2920 et
1201 2856 1357 2934 doctores,
1383 2877 1433 2917 ex·

80 2960 185 3041 ceptis
212 2963 227 3021 5
253 2961 345 3023 1116
370 2960 400 3021 in
426 2959 484 3021 hac
510 2959 687 3038 Matricula,
713 2981 748 3021 ex
774 2959 852 3022 facie
877 2961 953 3022 noui
990 2977 1021 3024 et
1052 2961 1266 3044 plurimorum
1300 2981 1433 3023 conner-

80 3064 213 3125 sacione
238 3084 312 3125 vsus
336 3083 418 3125 sum.

190 3275 247 3332 An
261 3291 309 3332 no
334 3271 402 3332 dni
432 3273 509 3334 1563
535 3271 585 3334 die
611 3275 650 3334 16
667 3273 863 3335 Nouembris
882 3273 1180 3336 Reuerendissimus
1197 3275 1279 3336 dnus
1296 3273 1432 3337 Ioannes

83 3376 273 3436 Franciscus
299 3374 542 3451 Comendonus,
567 3377 707 3438 Zaczinti
732 3377 924 3458 episcopus,
941 3379 971 3439 in
1006 3399 1140 3458 regnum
1175 3379 1326 3440 Poloniae
1351 3398 1432 3440 nun-

81 3481 148 3542 tius
172 3479 377 3561 apostolicus,
402 3479 449 3540 vir
473 3481 586 3542 doctus
611 3495 642 3543 et
666 3481 777 3558 solers,
802 3483 912 3544 multis
937 3483 1152 3562 legationibus
1178 3483 1310 3544 feliciter
1327 3497 1428 3544 trans-

81 3583 162 3646 actis
193 3583 398 3660 clarissimus,
428 3585 532 3665 gentis
556 3585 694 3667 polonae
718 3587 968 3662 amantissimus,
1001 3589 1112 3670 quinta
1145 3589 1194 3649 die
1219 3591 1259 3650 ab
1284 3589 1429 3668 ingressu

82 3709 143 3749 suo
168 3688 360 3750 Cracouiam
385 3709 459 3750 cum
485 3689 619 3768 lesuitis,
644 3711 726 3772 quos
743 3710 852 3752 secum
870 3691 1055 3770 adduxerat,
1074 3694 1105 3754 in
1124 3693 1306 3772 Collegium
1327 3693 1430 3755 maius

81 3807 114 3854 et
138 3793 307 3854 lectorium
326 3793 573 3872 Theologorum
591 3794 688 3872 venit,
706 3795 890 3877 ibidemque
915 3797 997 3876 mgri
1023 3797 1150 3858 loannis
1174 3797 1429 3878 Leopoliensis⁹,

81 3911 160 3958 tunc
185 3896 342 3959 Omnium
366 3912 562 3972 sanctorum,
596 3912 706 3979 postea
738 3899 769 3960 in
803 3900 934 3962 ecclesia
967 3903 997 3963 b.
1023 3901 1162 3981 Virginis
1187 3901 1218 3961 in
1243 3901 1327 3962 circo
1352 3898 1429 3962 Cra-

82 3999 222 4062 coviensi
247 4001 493 4080 concionatoris,
517 4003 687 4064 lectionem
712 4017 744 4066 et
767 4004 1066 4084 interpretationem
1091 4005 1253 4087 Epistulae
1286 4005 1375 4066 Pauli
1402 4006 1428 4067 11

81 4107 123 4166 ad
148 4104 334 4167 Corinthios
358 4125 475 4186 magna
499 4127 573 4168 cum
598 4107 775 4169 attentione
808 4108 932 4171 audiuit
963 4123 994 4170 et
1024 4111 1184 4191 probauit.
1218 4110 1428 4172 Bibliotecam

82 4225 194 4291 postea
226 4211 389 4292 publicam
421 4210 664 4291 diligentissime
694 4226 865 4289 scrutatus,
889 4213 1027 4292 Collegii
1059 4229 1252 4276 structuram
1278 4235 1352 4276 cum
1376 4215 1428 4274 de-

81 4314 253 4376 lectatione
277 4315 439 4394 laudabat,
465 4316 709 4396 valedicensque
741 4317 871 4397 collegis
900 4319 1095 4399 postulabat,
1122 4333 1157 4381 ut
1181 4319 1428 4401 quibuscunque

82 4418 187 4480 modis
211 4439 305 4502 opem
332 4419 412 4481 ferre
436 4420 537 4501 possit
561 4421 780 4500 Vniuersitati‚
805 4443 862 4484 sua
886 4441 983 4504 opera
1007 4436 1160 4487 vteretur.

186 4631 304 4694 Anno
327 4627 396 4688 dni
427 4627 579 4690 15651111
606 4649 643 4690 11
670 4629 753 4710 lunij
780 4630 1080 4692 Reuerendissimus
1113 4631 1195 4693 dnus
1228 4631 1326 4693 lulius
1363 4631 1427 4692 Ru-

82 4731 200 4810 gerius,
226 4733 465 4812 protonotarius
489 4733 695 4814 apostolicus,
720 4735 750 4795 in
776 4755 912 4814 regnum
937 4736 1089 4798 Poloniae
1114 4736 1230 4798 aSede
1252 4735 1427 4818 apostolica

190 4957 197 4987 ¹
217 4957 427 5026 Theologorum.
535 4958 545 4988 ²
565 4959 640 5011 Nicii.
