3688 6006
367 479 387 519 Χ
837 481 995 522 Am!
1016 480 1249 523 mot-um.

368 691 436 741 seu
466 667 644 756 metrica,
678 668 892 764 diligentias
921 693 995 742 una
1025 693 1112 742 curn
1143 669 1379 764 negligentiis
1407 672 1548 752 artium
1578 670 1717 744 libera-

368 790 459 863 lium
492 791 850 882 baccalaureorum,
875 791 911 863 in
934 789 1144 870 Academia
1168 790 1416 864 Cracoviensi
1443 816 1516 892 pro
1545 793 1716 889 comple-

368 911 472 984 tione
511 910 651 985 biennii
685 912 961 1004 laborantium,
1005 912 1243 1005 continens«,
1280 913 1376 985 inest
1414 914 1454 985 in
1491 913 1717 986 collectione

368 1035 554 1146 librorum
585 1034 938 1131 manuscriptorum
968 1034 1222 1108 bibliothecae
1245 1033 1503 1130 lagellonicae
1535 1034 1623 1107 inde
1649 1035 1715 1107 de·

370 1179 476 1228 mum
497 1159 548 1228 ab
567 1181 601 1228 a.
628 1159 734 1250 1564.
763 1157 978 1229 Verisimile
1004 1173 1076 1246 est,
1105 1155 1414 1253 antiquissimam
1437 1173 1586 1252 partem
1610 1155 1716 1230 Libri

368 1276 649 1372 diligendarum
680 1278 795 1352 etiam
826 1279 925 1351 hanc
953 1280 1004 1350 ob
1034 1301 1114 1350 rem
1140 1302 1264 1381 neque
1285 1277 1468 1351 lectiones
1492 1302 1617 1375 neque
1637 1277 1714 1351 dis-

368 1400 587 1496 putationes
616 1401 957 1472 baccalaureorum
979 1399 1186 1490 continere,
1214 1398 1320 1496 quod
1346 1399 1587 1472 baccalaurei
1616 1416 1715 1472 tern-

368 1543 461 1617 pore
492 1519 825 1614 Quadragesimae
863 1537 900 1594 et
928 1522 1065 1594 diebus
1093 1521 1374 1610 canicularibus
1410 1521 1600 1620 quasdam
1640 1521 1714 1594 lec·

367 1642 490 1714 tiones
529 1641 731 1714 habuerint
768 1667 887 1741 seque
924 1642 961 1716 in
999 1641 1325 1743 disputationibus
1363 1642 1603 1716 exercuerint
1640 1667 1715 1716 suo

370 1763 497 1860 potius
525 1761 748 1854 commodo,
778 1787 865 1836 cum
895 1787 936 1836 se
966 1763 1149 1860 paulatim
1187 1782 1463 1861 praepararent
1490 1764 1538 1838 ad
1570 1757 1714 1838 munus

369 1883 642 1979 magistrorum
675 1883 816 1957 artium
856 1885 924 1959 rite
953 1885 1267 1981 adipiscendum;
1302 1885 1460 1959 minime
1494 1903 1625 1960 autem
1657 1887 1714 1958 ol·

367 2005 496 2078 ficium
539 2023 620 2079 erat
657 2007 891 2079 scholarium
931 2006 1067 2082 adesse
1100 2006 1328 2080 lectionibus
1368 2007 1714 2080 baccalaureorum

367 2151 581 2224 eorumque
619 2127 899 2224 disputationes
937 2128 1102 2220 visitare,
1137 2129 1317 2225 quamvis
1359 2129 1511 2202 nemine
1546 2144 1714 2220 vetante,

367 2273 454 2320 cum
486 2249 635 2346 publice
663 2267 878 2344 agerentur.

471 2493 594 2567 Multo
625 2495 791 2588 majores
817 2515 1007 2590 apparent
1035 2493 1096 2566 alii
1122 2493 1305 2566 delectus.
1337 2495 1431 2566 Pars
1453 2496 1577 2590 prima
1607 2493 1713 2568 Libri

365 2612 647 2710 diligentiorum
678 2616 908 2688 non.solum
946 2639 1022 2686 non
1056 2615 1224 2686 continet
1265 2614 1446 2688 lectiones
1474 2631 1511 2688 et
1538 2614 1711 2711 disputa·

366 2736 489 2809 tiones
520 2738 881 2826 baccalaureorum,
909 2735 977 2808 sed
1007 2737 1143 2825 etiam,
1172 2736 1277 2832 quod
1307 2751 1363 2808 est
1390 2737 1556 2829 gravius.
1586 2760 1714 2832 neque

366 2883 503 2930 omnes
520 2859 725 2952 magistros
745 2857 782 2932 in
804 2858 982 2930 facultate
1003 2857 1169 2930 artistica
1191 2857 1369 2952 legentes,
1391 2883 1514 2955 neque
1534 2857 1713 2931 omnium

368 2978 639 3076 magistrorum
671 2981 835 3054 lecturas
864 3004 1000 3052 omnes
1030 2977 1285 3076 exercitiaque
1315 2979 1569 3076 amplectitur.
1609 2979 1715 3052 Satis

365 3127 396 3172 e.
426 3127 459 3196 g.
490 3127 535 3174 ex
564 3101 691 3174 adhuc
720 3101 879 3196 cognitis
909 3099 1078 3173 lontibus
1106 3101 1153 3174 de
1183 3115 1283 3173 statu
1314 3101 1526 3174 litterarum
1557 3101 1593 3174 in
1620 3099 1708 3182 Uni·

365 3224 546 3296 versitate
574 3222 807 3317 Jagellonica
839 3223 923 3295 Xl'l
954 3247 982 3294 s.
1013 3239 1146 3294 notum
1179 3241 1252 3311 est,
1291 3207 1377 3319 post
1415 3241 1581 3296 mortem
1613 3223 1711 3319 mgri

368 3346 473 3418 Pauli
505 3343 736 3418 Krosnensis
767 3349 808 3438 (ᾧ
843 3347 953 3438 1517l
988 3368 1056 3441 per
1085 3344 1322 3440 aliquantum
1363 3344 1549 3440 temporis
1584 3343 1619 3416 in
1656 3345 1672 3417 l
1698 3385 1711 3397 ·

365 3469 504 3540 cultate
534 3467 667 3562 legisse
700 3467 893 3540 Poeticam
925 3465 1170 3539 Valentinum
1201 3465 1637 3563 Eckium,·deindeque
1677 3468 1712 3539 ei

364 3591 568 3661 Turzones
605 3613 639 3660 a.
676 3591 770 3684 ¹5¹9
806 3587 1011 3660 mandasse
1051 3611 1192 3659 munus
1231 3587 1399 3680 magistri
1442 3589 1634 3682 Bartphae
1673 3587 1710 3660 in

364 3711 495 3784 schola
514 3709 720 3807 oppidana.
742 3710 843 3782 Satis
864 3709 978 3782 etiam
1001 3723 1167 3786 constat.
1188 3709 1286 3780 circa
1306 3733 1340 3781 a.
1367 3711 1462 3802 1546
1483 3709 1709 3806 episcopum

365 3831 626 3924 Maciejowski
657 3832 806 3926 linguae
836 3830 1038 3904 hebraicae
1072 3828 1200 3902 studio
1234 3829 1392 3903 ductum
1424 3855 1584 3904 vocasse
1615 3833 1707 3904 Cra-

364 3952 516 4026 coviam
548 3951 795 4028 Franciscum
826 3953 1056 4026 Stancarum
1088 3952 1245 4042 italum,
1282 3953 1347 4048 qui
1386 3953 1445 4026 hic
1474 3977 1507 4026 a.
1542 3956 1638 4047 1548
1674 3953 1710 4025 in

363 4073 517 4148 officina
537 4073 697 4148 loannis
718 4074 872 4150 Haelicz
899 4073 1226 4148 »Grammaticam
1257 4072 1532 4147 institutionem
1558 4075 1709 4171 linguae

364 4199 575 4270 hebraeae«
609 4195 791 4270 ediderat.
822 4195 950 4268 Nihilo
979 4194 1102 4269 secius
1131 4214 1261 4270 tamen
1283 4193 1398 4268 Liber
1425 4195 1707 4289 diligentiarum

365 4319 514 4392 illorum
545 4335 765 4416 temporum
797 4342 843 4392 ne
872 4341 1015 4391 nomen
1050 4316 1204 4415 quidem
1235 4317 1425 4391 Valentini
1455 4317 1559 4390 Ecltii
1590 4317 1708 4406 novit,

363 4459 399 4514 et
424 4441 466 4530 si,
490 4466 587 4539 quas
608 4439 742 4514 Codex
762 4437 925 4517 exhibet,
946 4439 1107 4512 Tabulis
1127 4439 1359 4512 lecturarum
1382 4455 1417 4510 et
1438 4437 1707 4512 exercitiorum

363 4561 479 4634 fidem
512 4565 663 4658 plenam
694 4546 787 4634 dare
814 4561 1017 4652 volumus,
1057 4559 1251 4632 Po'e'ticam
1287 4559 1322 4632 in
1354 4558 1519 4634 lectoriis
1548 4561 1708 4656 Collegii

364 4681 521 4778 majoris
550 4699 636 4779 post
660 4683 821 4755 Paulum
844 4683 1107 4756 Krosncnsem
1139 4705 1205 4777 per
1229 4681 1374 4779 aliquot
1403 4681 1604 4756 semestria
1626 4683 1707 4756 nul·

362 4807 420 4880 lus
449 4803 608 4878 omnino
638 4805 912 4898 magistrorum
941 4804 1130 4877 tradebat.
1168 4803 1350 4877 Similiter
1378 4828 1533 4902 quoque
1564 4828 1610 4877 ne
1640 4827 1706 4878 no·

364 4951 452 5000 men
481 4923 638 5023 quidem
661 4926 722 4999 Fr.
744 4927 918 4998 Stancari
948 4926 983 4998 in
1006 4926 1124 4998 Libro
1154 4925 1436 5020 diligentiarum
1466 4947 1705 4999 commemo·

364 5065 478 5138 ratur,
505 5071 744 5146 quamquam
766 5047 801 5120 in
823 5046 984 5120 Tabulis
1006 5045 1161 5120 Codicis
1180 5047 1256 5140 jam
1277 5049 1327 5119 ab
1347 5047 1508 5120 hiberno
1530 5049 1708 5122 semestri
