3654 6030
525 473 615 520 maan
636 477 889 538 nrmunmraauu,
914 473 982 522 rasa.
1373 459 1433 539 267

67 664 261 727 ananiensis
294 663 489 740 Questiones
524 665 740 728 Paruulorum
775 665 981 743 naturalium,
1015 666 1065 728 die
1098 679 1212 748 quarta
1249 665 1369 740 innota,
1403 679 1433 726 et

68 783 153 834 ante
180 769 296 832 festum
321 790 346 832 s.
372 769 539 832 Michaelis
567 769 577 808 ¹
601 769 715 832 linivit.

185 978 391 1040 Maronis:
417 999 447 1060 9.
472 997 556 1060 mgr.
580 978 734 1041 Albertus
750 979 940 1060 Dabrowski
965 979 1136 1041 Lecturam
1155 979 1366 1060 Topicorum,
1383 978 1434 1040 die

72 1082 220 1144 secunda
245 1097 317 1164 post
340 1082 568 1161 innovationis,
593 1097 625 1146 et
649 1081 751 1146 linivit
775 1097 847 1164 post
869 1082 987 1146 festum
1005 1105 1028 1146 s.
1048 1083 1213 1146 Michaelis
1235 1083 1264 1160 1;
1287 1103 1333 1146 ιο.
1352 1101 1433 1162 mgr.

73 1187 195 1250 Petrus
219 1207 236 1248 a
261 1186 401 1249 Varsava
427 1188 463 1250 L.
490 1187 696 1264 Elencorum,
721 1187 771 1249 die
796 1188 916 1265 innov.‚
942 1187 1018 1250 leria
1043 1203 1131 1252 sexta
1148 1202 1222 1252 ante
1241 1187 1435 1250 Michaelis²

75 1289 200 1368 finivit;
231 1313 278 1354 ιι.
303 1311 386 1372 mgr.
410 1291 516 1354 Adam
541 1312 558 1353 a
582 1292 726 1354 Tarnow
750 1291 962 1370 Alkabitium,
986 1293 1037 1354 die
1060 1294 1199 1355 secunda
1223 1309 1293 1375 post
1312 1291 1433 1360 innov..

75 1413 178 1476 quem
203 1394 308 1458 finiuit
331 1409 405 1459 ante
429 1396 496 1460 dies
520 1395 718 1458 kaniculares
736 1396 762 1474 ³,
786 1411 817 1459 et
842 1396 872 1458 in
894 1397 1134 1478 suplementum
1160 1397 1432 1460 Economicorunt

76 1499 118 1562 ad
143 1498 243 1562 finem
267 1499 530 1564 commutationis
554 1500 646 1582 legit;
668 1523 715 1562 ιι.
734 1520 815 1580 mgr.
835 1501 992 1564 lohannes
1009 1522 1027 1564 u
1045 1501 1214 1585 Trczyana
1238 1500 1434 1575 Questiones

78 1604 206 1666 Veteris
230 1603 317 1682 artis,
342 1604 434 1668 tertia
451 1604 503 1669 die
520 1619 592 1686 post
609 1604 729 1682 innon,
746 1603 824 1684 legit
840 1603 880 1668 ad
897 1603 994 1666 finem
1011 1605 1292 1682 commutationis,
1314 1608 1361 1668 ι5.
1374 1619 1433 1681 ---;

82 1711 131 1770 ι6.
157 1708 205 1770 dr.
231 1709 455 1772 Bartolomeus
479 1729 496 1770 a
522 1709 725 1792 Regioponte
750 1709 945 1784 Questiones
977 1710 1023 1772 De
1056 1709 1147 1772 coelo
1170 1723 1201 1772 et
1226 1709 1359 1788 mundo,
1384 1707 1434 1770 die

77 1811 202 1890 innov.,
227 1827 259 1876 et
282 1812 385 1878 linivit
409 1811 486 1876 feria
511 1827 598 1878 sexta
622 1827 696 1876 ante
721 1812 839 1876 lestum
871 1835 896 1876 s.
922 1813 1086 1876 Michaelis
1119 1813 1150 1890 ἡ
1188 1835 1234 1898 ¹7·
1265 1833 1348 1893 mgr.
1387 1813 1434 1874 lo-

78 1917 203 1980 hannes
229 1917 449 2000 Leopoliensis
481 1916 496 1955 ⁴
527 1916 699 1982 Comedias
731 1917 889 1996 Terentii,
921 1938 938 1980 a
971 1917 1127 2001 principio
1158 1917 1434 1992 commutationis,

78 2022 237 2084 absolutis
260 2022 403 2105 quinque
427 2023 619 2086 lectionibus
651 2021 804 2099 cessavit;
841 2025 890 2086 18.
922 2041 1004 2102 mgr.
1038 2021 1174 2086 loannes
1204 2019 1436 2104 Dobrosyelski

79 2127 117 2188 L.
143 2127 190 2188 De
214 2127 421 2208 generatione
445 2141 476 2190 et
499 2127 717 2210 corruptione,
742 2128 792 2190 die
816 2127 956 2190 secunda
974 2141 1046 2209 post
1062 2127 1181 2200 innov,
1198 2140 1229 2192 et
1248 2125 1325 2188 feria
1342 2139 1430 2188 sexta

79 2245 155 2293 ante
180 2231 345 2294 Michaelis
370 2232 384 2269 '¹
406 2230 529 2310 finivit;
559 2254 605 2314 ¹9·
631 2251 713 2312 mgr.
739 2232 877 2294 Michael
901 2231 1082 2295 Voinicze³
1108 2230 1238 2314 Satyrus
1258 2231 1366 2314 Persy,
1383 2229 1434 2292 die

79 2335 220 2398 secunda
244 2335 365 2414 innov.,
389 2335 466 2398 feria
490 2350 604 2418 quarta
628 2350 702 2400 ante
727 2336 844 2406 festum
869 2339 892 2398 s.
918 2334 1063 2399 Crucis⁶
1087 2333 1195 2397 linivit¹
1213 2350 1244 2398 et
1268 2335 1300 2397 in
1325 2336 1431 2417 suple-

79 2454 227 2504 mentum
253 2440 367 2504 thum
391 2454 565 2502 tractatum
589 2441 675 2504 Petri
700 2441 856 2524 Hispani;
881 2461 932 2503 20.
949 2460 1031 2521 mgr.
1050 2440 1186 2502 loannes
1203 2439 1432 2522 Dobrosyelslti

81 2545 276 2620 Questiones
300 2545 347 2608 De
371 2544 490 2624 anima,
507 2546 557 2608 die
577 2547 718 2608 secunda
743 2561 815 2629 post
832 2545 940 2608 innov.
959 2545 1088 2627 incepit,
1114 2559 1145 2606 et
1163 2543 1239 2606 feria
1257 2558 1344 2606 sexta
1360 2556 1434 2605 ante

81 2647 198 2712 lestum
216 2671 240 2712 s.
260 2649 425 2712 Michaelis
451 2650 465 2687 ⁹
488 2649 601 2713 finivit.

184 2857 459 2922 Aristotelis:
486 2879 515 2941 9.
541 2879 622 2939 mgr.
641 2859 749 2922 Foelix
775 2859 894 2943 Syeprs
919 2858 933 2896 ⁶
957 2858 1163 2922 Dialecticam
1197 2857 1349 2940 Caesary,
1383 2857 1432 2918 die

82 2961 297 3024 innovationis
321 2963 430 3043 studii,
455 2977 486 3025 et
510 2962 613 3026 linivit
638 2963 669 3024 in
694 2963 756 3026 line
781 2964 1062 3041 commvtarionis;
1099 2983 1146 3026 ιο.
1178 2982 1260 3042 mgr.
1286 2962 1433 3024 Thomas

83 3066 304 3130 Cracoviensis
328 3068 500 3130 Lecturam
527 3069 685 3146 Priorum,
710 3069 760 3132 die
784 3069 925 3132 secunda
949 3069 1069 3147 innon,
1099 3082 1130 3130 et
1155 3066 1232 3130 feria
1257 3080 1344 3128 sexta
1362 3079 1434 3148 post

83 3171 246 3234 Michaelis
272 3170 285 3210 ⁷
309 3170 431 3250 linivit;
472 3194 519 3234 ιι.
543 3191 626 3252 mgr.
660 3173 795 3236 lacobus
822 3173 1029 3236 Virzilconski
1054 3171 1298 3254 Philosophiam
1323 3170 1433 3250 Magni

82 3275 216 3352 Alberti,
237 3275 287 3337 die
311 3277 432 3356 innota,
450 3291 481 3340 et
498 3276 601 3340 finivit
618 3276 696 3340 feria
713 3293 800 3340 sexta
818 3293 891 3342 ante
910 3278 1026 3340 lestum
1042 3299 1068 3340 s.
1086 3277 1293 3353 Michaelis²;
1316 3295 1362 3338 12.
1380 3311 1413 3320 -
1425 3291 1446 3352 ;.

88 3383 133 3441 ι5.
160 3397 218 3458 -;
255 3383 302 3444 ι6.
328 3401 410 3462 mgr.
443 3382 575 3444 Alexius
608 3381 730 3444 leezow
755 3382 769 3419 ³
794 3383 1046 3445 Grammaticam
1071 3402 1199 3463 grecam
1225 3381 1240 3417 ³
1264 3381 1433 3443 Oecolam·

84 3485 166 3566 padii
192 3483 217 3562 ⁸,
240 3505 279 3546 xv
304 3485 355 3548 die
379 3500 454 3568 post
487 3485 609 3564 innon,
642 3501 673 3548 et
704 3486 807 3548 finivit
838 3502 912 3548 ante
936 3485 1053 3550 festum
1084 3507 1109 3548 s.
1136 3486 1302 3548 Michaelis
1331 3486 1358 3564 ¹;
1388 3505 1433 3568 ¹7·
1503 3549 1508 3572 ,

84 3608 163 3668 mgr.
188 3589 413 3670 Sigismundus
438 3590 600 3672 Obrapslti
624 3591 826 3654 continuauit
851 3592 886 3655 L.
903 3591 1115 3670 Phisicorum,
1132 3591 1183 3654 clie
1200 3591 1340 3654 secunda
1358 3605 1432 3673 post

84 3694 203 3772 innov,
228 3709 259 3757 et
282 3695 361 3776 legit
384 3696 423 3759 ad
449 3695 545 3758 linem
570 3695 850 3774 commt'tationis;
881 3697 928 3760 18.
953 3715 1034 3777 mgr.
1062 3696 1197 3758 loannes
1222 3694 1431 3778 Vyeckowski

83 3797 272 3860 Ciceronem
303 3799 350 3860 lle
382 3815 558 3874 senectute,
589 3800 671 3862 infra
702 3815 834 3864 octauas
866 3800 1021 3883 Corporis
1055 3800 1175 3864 Christi
1201 3801 1216 3838 ⁹
1248 3800 1376 3882 incepit,
1402 3814 1434 3862 et

84 3901 184 3966 linivit
208 3917 282 3966 ante
307 3903 424 3966 lestum
448 3927 473 3968 s.
500 3906 665 3968 Michaelis
694 3906 722 3984 ¹;
751 3927 797 3987 ¹9·
825 3923 882 3984 -;
909 3926 960 3968 20.
985 3906 1137 3968 decanus.

185 4112 396 4176 Socratis:
413 4133 443 4195 9.
453 4131 511 4192 -—;
534 4135 581 4176 10.
596 4135 677 4196 mgr.
692 4115 870 4178 Stanislaus
888 4115 1036 4178 Pinczow
1052 4115 1079 4152 ¹⁰
1091 4115 1261 4178 lecturam
1279 4116 1325 4178 De
1343 4113 1434 4176 coelo

85 4233 114 4280 et
139 4219 267 4292 mvndo,
292 4217 341 4280 die
366 4219 582 4282 innovationis
606 4221 734 4302 incepit,
759 4235 790 4282 et
814 4220 890 4282 feria
908 4235 995 4282 sexta
1013 4236 1086 4284 ante
1104 4220 1269 4284 Michaelis
1285 4219 1299 4256 '²
1314 4218 1432 4294 linivit3

90 4344 135 4384 ιι.
159 4341 241 4402 mgr.
267 4321 379 4386 Simon
405 4323 578 4386 Pilsnensis
597 4324 622 4360 ¹¹
639 4325 690 4388 die
706 4326 844 4388 secunda
861 4325 970 4388 innov.
988 4325 1093 4408 coepit
1110 4325 1298 4388 continuare
1316 4325 1350 4386 l..
1369 4325 1434 4386 Me·

87 4426 246 4507 thapisice,
267 4425 343 4489 leria
364 4443 452 4492 sexta
469 4427 571 4490 linivit
592 4443 666 4491 ante
684 4428 888 4508 Michaelis²;
915 4450 962 4493 ra.
978 4449 1058 4509 mgr.
1074 4430 1226 4492 Albertus
1243 4428 1431 4509 Dabrowski

86 4532 277 4606 Questiones
302 4534 395 4614 Noua
418 4535 532 4616 logice,
565 4533 616 4596 die
648 4534 740 4598 tertia
773 4535 894 4613 innon,
927 4549 999 4616 post
1031 4533 1147 4598 l'estum
1179 4555 1204 4597 s.
1229 4533 1395 4598 Michaelis
1425 4533 1432 4568 ¹

86 4635 202 4715 linivit;
231 4639 348 4716 15.-;
379 4640 425 4701 16.
451 4659 532 4720 mgr.
558 4638 677 4700 Paulus
694 4640 819 4701 Raczus
837 4639 1089 4703 Grammaticam
1109 4639 1227 4716 Peroti,
1244 4639 1295 4700 die
1312 4639 1433 4713 innoc„

89 4797 291 4804 -----.

141 4899 147 4930 ¹
166 4915 200 4968 ²9
219 4901 392 4967 Septembris.
500 4901 510 4932 ¹
529 4900 561 4950 25
582 4901 753 4966 Septembris.
862 4900 873 4930 ³
892 4900 948 4952 Sic!
1058 4903 1067 4932 ⁴
1087 4902 1185 4951 Nicius.

137 4987 180 5055 ⁵9
199 4989 371 5054 Septembris.
478 4987 592 5039 ⁶dictus
613 4989 760 5044 Larandes.
781 4987 853 5040 lilius
873 4991 973 5040 Lazari.
1080 4988 1090 5018 ⁷
1112 5003 1125 5038 ι
1146 4989 1277 5042 Octobris.

138 5074 147 5104 ³
164 5075 281 5130 loannis.
390 5075 400 5108 ⁸
423 5091 447 5126 ιι
470 5076 556 5130 lunii?
665 5076 687 5110 ¹·
705 5078 803 5134 Stalelc.
914 5077 934 5106 ¹¹
954 5078 1085 5130 Maricius.
