3672 6008
492 451 582 494 matt
605 451 856 511 ututoautmtttttt,
879 450 1040 492 areanum

530 1594 748 1646 Adnotat10¹
766 1595 816 1648 ad
834 1607 915 1660 paq.
936 1593 998 1646 90.

194 1792 314 1849 Anno
345 1786 414 1848 dni
455 1788 531 1848 1513
565 1787 615 1848 die
641 1787 729 1848 Lvne
753 1787 846 1848 tertia
871 1785 989 1848 mensis
1013 1785 1164 1848 Octobris
1197 1805 1278 1864 mgr.
1315 1785 1436 1866 Grego-

73 1892 156 1952 rius
180 1891 218 1952 de
243 1890 443 1953 Schamotuli
468 1911 576 1952 corarn
600 1890 783 1956 Venerabili
808 1889 887 1968 viro,
911 1890 976 1952 dno
1001 1890 1120 1952 Ioanne
1137 1890 1175 1951 de
1193 1889 1437 1971 ossviqczijmt,

73 1997 245 2062 canonico
271 1994 479 2058 Cracouiensi
503 1983 544 2058 ac*
563 2009 684 2058 rectora
708 2008 845 2077 protunc
869 1993 1102 2073 vniversitatis,
1126 1994 1330 2072 constitutus,
1348 1993 1435 2071 dixit,

75 2121 120 2162 se
153 2114 217 2162 tres
248 2101 347 2162 libros
379 2099 567 2163 Ethicorum
586 2098 601 2137 ³
623 2099 737 2180 legisse
766 2113 911 2181 ternpore
944 2097 1149 2160 decanatus⁴
1172 2099 1255 2178 mgri
1285 2097 1436 2160 Stanislai

78 2205 216 2284 Bargiel
241 2205 279 2266 de
305 2204 488 2280 Kazimiria,
514 2205 565 2266 vbi
590 2204 648 2266 sibi
673 2203 768 2266 lectio
791 2203 845 2265 illa
869 2223 925 2286 per
949 2203 1070 2266 dictum
1089 2223 1216 2284 mgrum
1236 2203 1434 2266 Stanislaum

80 2309 228 2389 Bargiel,
261 2319 397 2390 protunc
430 2308 589 2370 facultatis
621 2308 760 2370 artistice
792 2308 961 2387 decanum,
994 2328 1058 2370 non
1092 2323 1139 2370 est
1170 2328 1259 2370 more
1284 2308 1379 2370 solito
1403 2307 1434 2370 in

82 2413 284 2494 Regestrum
308 2411 468 2474 facultatis
492 2411 630 2474 artistice
654 2411 805 2494 inscripta
829 2433 865 2476 ex
890 2431 939 2490 eo,
963 2411 1038 2495 quia
1071 2413 1173 2476 dictus
1205 2432 1287 2494 mgr.
1313 2411 1435 2493 Grego-

84 2519 156 2578 rius
180 2517 219 2578 ad
244 2515 340 2578 finem
365 2517 499 2578 eandem
532 2536 623 2578 suam
656 2516 827 2581 lectionem
860 2536 924 2579 non
956 2517 1043 2598 legit.
1074 2517 1186 2600 lbique
1219 2517 1321 2580 dictus
1352 2536 1434 2596 mgr.

83 2621 221 2683 adduxit
245 2621 450 2684 venerabiles
473 2621 569 2700 viros,
593 2641 702 2701 mgros
726 2621 880 2684 Iacobum
908 2621 1092 2702 Slirzetuskj
1118 2637 1150 2683 et
1173 2621 1370 2684 Stanislaum
1395 2622 1434 2684 de

87 2725 249 2788 Cracouia
268 2726 292 2802 ⁵,
316 2725 347 2786 in
373 2725 605 2802 testimonium,
629 2725 683 2807 qui
709 2724 867 2788 testificati
892 2739 977 2802 sunt,
1002 2726 1088 2808 quod
1112 2726 1179 2808 ipse
1204 2745 1285 2806 mgr.
1311 2724 1434 2806 Grego-

86 2829 155 2892 rius
186 2831 284 2892 libros
316 2829 505 2892 Ethicorum
537 2830 624 2910 legit,
655 2843 763 2892 tamen
796 2850 860 2892 non
892 2830 932 2892 ad
963 2829 1071 2906 finem,
1104 2845 1135 2892 et
1166 2831 1302 2895 cessauit
1326 2831 1432 2910 legere
1475 2877 1478 2884 ,

86 2935 166 2996 citra
192 2934 270 2996 festa
296 2933 499 3013 Margarethe
518 2933 541 2997 ⁰.
569 2936 772 2997 presentibus
789 2935 908 2996 ibidem
926 2935 1153 2998 Bonaventura
1171 2934 1433 3018 Pomorzeynslti,

85 3038 268 3119 consistorij
295 3037 522 3102 Cracouiensis
546 3039 683 3116 notario,
708 3039 809 3102 Paulo
833 3052 864 3104 et
887 3040 1028 3118 Andrea,
1062 3039 1273 3104 seruitoribus
1299 3039 1434 3102 Univer-

86 3143 202 3220 sitatis,
234 3142 368 3208 testibus
399 3143 439 3204 ad
470 3144 636 3226 premissa,
668 3159 700 3208 et
731 3164 782 3206 me
813 3143 1005 3206 Stanisla0⁷
1028 3145 1067 3208 de
1100 3143 1269 3222 Cracovia‚
1302 3143 1433 3225 publico

86 3259 226 3310 notario.

144 3457 151 3486 ¹
173 3458 307 3522 Descripta
327 3457 389 3507 baec
415 3473 428 3506 e
454 3457 677 3507 Conclusionibus
703 3457 884 3508 Universitatls
906 3457 1090 3508 Cracoviensis
1115 3458 1175 3520 (ms.
1196 3457 1258 3507 bibl
1278 3457 1334 3524 lag.
1355 3455 1434 3522 3821)

173 3546 308 3594 adnotatio
335 3559 429 3594 novam
460 3546 544 3595 lucem
572 3545 608 3594 illi
636 3555 711 3594 notae
736 3544 829 3604 adfert,
853 3561 932 3612 quarn
957 3546 988 3594 ad
1015 3543 1094 3594 finem
1114 3545 1329 3594 commutationis
1353 3546 1432 3594 aesti-

172 3633 236 3681 valis
254 3648 278 3683 a.
301 3631 365 3699 1509
384 3632 434 3682 alia
454 3647 533 3682 manu
552 3633 710 3698 adscriptam
730 3634 897 3699 protulimus.
1006 3633 1016 3662 ²
1035 3633 1158 3683 Sacrario.

142 3718 325 3770 'Aristotelis
416 3719 657 3770 ⁴commutationls
675 3721 798 3771 aestiua
830 3719 903 3786 1507.
1010 3717 1173 3770 ³Mazaniec
1192 3719 1301 3770 dictum.

141 3805 152 3836 ⁸
175 3805 202 3856 13
222 3807 293 3857 lulli.
399 3805 541 3858 'Martini
561 3807 754 3858 conclusiones
773 3805 859 3874 Univ.‚
879 3808 895 3858 l.
913 3821 936 3858 c.
